%YAML 1.1
%TAG !u! tag:unity3d.com,2011:
--- !u!29 &1
OcclusionCullingSettings:
  m_ObjectHideFlags: 0
  serializedVersion: 2
  m_OcclusionBakeSettings:
    smallestOccluder: 5
    smallestHole: 0.25
    backfaceThreshold: 100
  m_SceneGUID: 00000000000000000000000000000000
  m_OcclusionCullingData: {fileID: 0}
--- !u!104 &2
RenderSettings:
  m_ObjectHideFlags: 0
  serializedVersion: 9
  m_Fog: 0
  m_FogColor: {r: 0.5, g: 0.5, b: 0.5, a: 1}
  m_FogMode: 3
  m_FogDensity: 0.01
  m_LinearFogStart: 0
  m_LinearFogEnd: 300
  m_AmbientSkyColor: {r: 0.212, g: 0.227, b: 0.259, a: 1}
  m_AmbientEquatorColor: {r: 0.114, g: 0.125, b: 0.133, a: 1}
  m_AmbientGroundColor: {r: 0.047, g: 0.043, b: 0.035, a: 1}
  m_AmbientIntensity: 1
  m_AmbientMode: 0
  m_SubtractiveShadowColor: {r: 0.42, g: 0.478, b: 0.627, a: 1}
  m_SkyboxMaterial: {fileID: 10304, guid: 0000000000000000f000000000000000, type: 0}
  m_HaloStrength: 0.5
  m_FlareStrength: 1
  m_FlareFadeSpeed: 3
  m_HaloTexture: {fileID: 0}
  m_SpotCookie: {fileID: 10001, guid: 0000000000000000e000000000000000, type: 0}
  m_DefaultReflectionMode: 0
  m_DefaultReflectionResolution: 128
  m_ReflectionBounces: 1
  m_ReflectionIntensity: 1
  m_CustomReflection: {fileID: 0}
  m_Sun: {fileID: 0}
  m_IndirectSpecularColor: {r: 0, g: 0, b: 0, a: 1}
  m_UseRadianceAmbientProbe: 0
--- !u!157 &3
LightmapSettings:
  m_ObjectHideFlags: 0
  serializedVersion: 11
  m_GIWorkflowMode: 1
  m_GISettings:
    serializedVersion: 2
    m_BounceScale: 1
    m_IndirectOutputScale: 1
    m_AlbedoBoost: 1
    m_EnvironmentLightingMode: 0
    m_EnableBakedLightmaps: 1
    m_EnableRealtimeLightmaps: 1
  m_LightmapEditorSettings:
    serializedVersion: 12
    m_Resolution: 2
    m_BakeResolution: 40
    m_AtlasSize: 1024
    m_AO: 0
    m_AOMaxDistance: 1
    m_CompAOExponent: 1
    m_CompAOExponentDirect: 0
    m_ExtractAmbientOcclusion: 0
    m_Padding: 2
    m_LightmapParameters: {fileID: 0}
    m_LightmapsBakeMode: 1
    m_TextureCompression: 1
    m_FinalGather: 0
    m_FinalGatherFiltering: 1
    m_FinalGatherRayCount: 256
    m_ReflectionCompression: 2
    m_MixedBakeMode: 2
    m_BakeBackend: 1
    m_PVRSampling: 1
    m_PVRDirectSampleCount: 32
    m_PVRSampleCount: 512
    m_PVRBounces: 2
    m_PVREnvironmentSampleCount: 256
    m_PVREnvironmentReferencePointCount: 2048
    m_PVRFilteringMode: 1
    m_PVRDenoiserTypeDirect: 1
    m_PVRDenoiserTypeIndirect: 1
    m_PVRDenoiserTypeAO: 1
    m_PVRFilterTypeDirect: 0
    m_PVRFilterTypeIndirect: 0
    m_PVRFilterTypeAO: 0
    m_PVREnvironmentMIS: 1
    m_PVRCulling: 1
    m_PVRFilteringGaussRadiusDirect: 1
    m_PVRFilteringGaussRadiusIndirect: 5
    m_PVRFilteringGaussRadiusAO: 2
    m_PVRFilteringAtrousPositionSigmaDirect: 0.5
    m_PVRFilteringAtrousPositionSigmaIndirect: 2
    m_PVRFilteringAtrousPositionSigmaAO: 1
    m_ExportTrainingData: 0
    m_TrainingDataDestination: TrainingData
  m_LightingDataAsset: {fileID: 0}
  m_UseShadowmask: 1
--- !u!196 &4
NavMeshSettings:
  serializedVersion: 2
  m_ObjectHideFlags: 0
  m_BuildSettings:
    serializedVersion: 2
    agentTypeID: 0
    agentRadius: 0.5
    agentHeight: 2
    agentSlope: 45
    agentClimb: 0.4
    ledgeDropHeight: 0
    maxJumpAcrossDistance: 0
    minRegionArea: 2
    manualCellSize: 0
    cellSize: 0.16666667
    manualTileSize: 0
    tileSize: 256
    accuratePlacement: 0
    debug:
      m_Flags: 0
  m_NavMeshData: {fileID: 0}
--- !u!4 &20428340 stripped
Transform:
  m_CorrespondingSourceObject: {fileID: 6295388492831031111, guid: cf0b410b6ef7da24c9dcc52a2a65ebf8,
    type: 3}
  m_PrefabInstance: {fileID: 1108760621}
  m_PrefabAsset: {fileID: 0}
--- !u!1 &76247444
GameObject:
  m_ObjectHideFlags: 0
  m_CorrespondingSourceObject: {fileID: 0}
  m_PrefabInstance: {fileID: 0}
  m_PrefabAsset: {fileID: 0}
  serializedVersion: 6
  m_Component:
  - component: {fileID: 76247445}
  - component: {fileID: 76247448}
  - component: {fileID: 76247447}
  - component: {fileID: 76247446}
  m_Layer: 5
  m_Name: send
  m_TagString: Untagged
  m_Icon: {fileID: 0}
  m_NavMeshLayer: 0
  m_StaticEditorFlags: 0
  m_IsActive: 1
--- !u!224 &76247445
RectTransform:
  m_ObjectHideFlags: 0
  m_CorrespondingSourceObject: {fileID: 0}
  m_PrefabInstance: {fileID: 0}
  m_PrefabAsset: {fileID: 0}
  m_GameObject: {fileID: 76247444}
  m_LocalRotation: {x: -0, y: -0, z: -0, w: 1}
  m_LocalPosition: {x: 0, y: 0, z: 0}
  m_LocalScale: {x: 1, y: 1, z: 1}
  m_Children:
  - {fileID: 642671897}
  m_Father: {fileID: 2134884270}
  m_RootOrder: 2
  m_LocalEulerAnglesHint: {x: 0, y: 0, z: 0}
  m_AnchorMin: {x: 0.5, y: 0.5}
  m_AnchorMax: {x: 0.5, y: 0.5}
  m_AnchoredPosition: {x: 346, y: -106}
  m_SizeDelta: {x: 100, y: 30}
  m_Pivot: {x: 0.5, y: 0.5}
--- !u!114 &76247446
MonoBehaviour:
  m_ObjectHideFlags: 0
  m_CorrespondingSourceObject: {fileID: 0}
  m_PrefabInstance: {fileID: 0}
  m_PrefabAsset: {fileID: 0}
  m_GameObject: {fileID: 76247444}
  m_Enabled: 1
  m_EditorHideFlags: 0
  m_Script: {fileID: 11500000, guid: 4e29b1a8efbd4b44bb3f3716e73f07ff, type: 3}
  m_Name: 
  m_EditorClassIdentifier: 
  m_Navigation:
    m_Mode: 3
    m_SelectOnUp: {fileID: 0}
    m_SelectOnDown: {fileID: 0}
    m_SelectOnLeft: {fileID: 0}
    m_SelectOnRight: {fileID: 0}
  m_Transition: 1
  m_Colors:
    m_NormalColor: {r: 0.20784314, g: 0.53333336, b: 0.22352941, a: 1}
    m_HighlightedColor: {r: 0.007843138, g: 0.6862745, b: 0.047058824, a: 1}
    m_PressedColor: {r: 0.78431374, g: 0.78431374, b: 0.78431374, a: 1}
    m_SelectedColor: {r: 0.21791564, g: 0.7830189, b: 0.24514951, a: 1}
    m_DisabledColor: {r: 0.78431374, g: 0.78431374, b: 0.78431374, a: 0.5019608}
    m_ColorMultiplier: 1
    m_FadeDuration: 0.1
  m_SpriteState:
    m_HighlightedSprite: {fileID: 0}
    m_PressedSprite: {fileID: 0}
    m_SelectedSprite: {fileID: 0}
    m_DisabledSprite: {fileID: 0}
  m_AnimationTriggers:
    m_NormalTrigger: Normal
    m_HighlightedTrigger: Highlighted
    m_PressedTrigger: Pressed
    m_SelectedTrigger: Selected
    m_DisabledTrigger: Disabled
  m_Interactable: 1
  m_TargetGraphic: {fileID: 76247447}
  m_OnClick:
    m_PersistentCalls:
      m_Calls:
      - m_Target: {fileID: 11500000, guid: 8fa94ea38449ff348953e70473f288ab, type: 3}
        m_MethodName: 
        m_Mode: 1
        m_Arguments:
          m_ObjectArgument: {fileID: 0}
          m_ObjectArgumentAssemblyTypeName: UnityEngine.Object, UnityEngine
          m_IntArgument: 0
          m_FloatArgument: 0
          m_StringArgument: EnterText
          m_BoolArgument: 0
        m_CallState: 2
--- !u!114 &76247447
MonoBehaviour:
  m_ObjectHideFlags: 0
  m_CorrespondingSourceObject: {fileID: 0}
  m_PrefabInstance: {fileID: 0}
  m_PrefabAsset: {fileID: 0}
  m_GameObject: {fileID: 76247444}
  m_Enabled: 1
  m_EditorHideFlags: 0
  m_Script: {fileID: 11500000, guid: fe87c0e1cc204ed48ad3b37840f39efc, type: 3}
  m_Name: 
  m_EditorClassIdentifier: 
  m_Material: {fileID: 0}
  m_Color: {r: 0.20784314, g: 0.53333336, b: 0.22352941, a: 1}
  m_RaycastTarget: 1
  m_OnCullStateChanged:
    m_PersistentCalls:
      m_Calls: []
  m_Sprite: {fileID: 10905, guid: 0000000000000000f000000000000000, type: 0}
  m_Type: 1
  m_PreserveAspect: 0
  m_FillCenter: 1
  m_FillMethod: 4
  m_FillAmount: 1
  m_FillClockwise: 1
  m_FillOrigin: 0
  m_UseSpriteMesh: 0
  m_PixelsPerUnitMultiplier: 1
--- !u!222 &76247448
CanvasRenderer:
  m_ObjectHideFlags: 0
  m_CorrespondingSourceObject: {fileID: 0}
  m_PrefabInstance: {fileID: 0}
  m_PrefabAsset: {fileID: 0}
  m_GameObject: {fileID: 76247444}
  m_CullTransparentMesh: 0
--- !u!4 &100333184 stripped
Transform:
  m_CorrespondingSourceObject: {fileID: 370836109688349530, guid: cf0b410b6ef7da24c9dcc52a2a65ebf8,
    type: 3}
  m_PrefabInstance: {fileID: 1108760621}
  m_PrefabAsset: {fileID: 0}
--- !u!1 &235257946
GameObject:
  m_ObjectHideFlags: 0
  m_CorrespondingSourceObject: {fileID: 0}
  m_PrefabInstance: {fileID: 0}
  m_PrefabAsset: {fileID: 0}
  serializedVersion: 6
  m_Component:
  - component: {fileID: 235257947}
  - component: {fileID: 235257950}
  - component: {fileID: 235257949}
  - component: {fileID: 235257948}
  m_Layer: 5
  m_Name: talk
  m_TagString: Untagged
  m_Icon: {fileID: 0}
  m_NavMeshLayer: 0
  m_StaticEditorFlags: 0
  m_IsActive: 1
--- !u!224 &235257947
RectTransform:
  m_ObjectHideFlags: 0
  m_CorrespondingSourceObject: {fileID: 0}
  m_PrefabInstance: {fileID: 0}
  m_PrefabAsset: {fileID: 0}
  m_GameObject: {fileID: 235257946}
  m_LocalRotation: {x: -0, y: -0, z: -0, w: 1}
  m_LocalPosition: {x: 0, y: 0, z: 0}
  m_LocalScale: {x: 1, y: 1, z: 1}
  m_Children:
  - {fileID: 1983006204}
  m_Father: {fileID: 2134884270}
  m_RootOrder: 3
  m_LocalEulerAnglesHint: {x: 0, y: 0, z: 0}
  m_AnchorMin: {x: 0.5, y: 0.5}
  m_AnchorMax: {x: 0.5, y: 0.5}
  m_AnchoredPosition: {x: 448, y: -106}
  m_SizeDelta: {x: 100, y: 30}
  m_Pivot: {x: 0.5, y: 0.5}
--- !u!114 &235257948
MonoBehaviour:
  m_ObjectHideFlags: 0
  m_CorrespondingSourceObject: {fileID: 0}
  m_PrefabInstance: {fileID: 0}
  m_PrefabAsset: {fileID: 0}
  m_GameObject: {fileID: 235257946}
  m_Enabled: 1
  m_EditorHideFlags: 0
  m_Script: {fileID: 11500000, guid: 4e29b1a8efbd4b44bb3f3716e73f07ff, type: 3}
  m_Name: 
  m_EditorClassIdentifier: 
  m_Navigation:
    m_Mode: 3
    m_SelectOnUp: {fileID: 0}
    m_SelectOnDown: {fileID: 0}
    m_SelectOnLeft: {fileID: 0}
    m_SelectOnRight: {fileID: 0}
  m_Transition: 1
  m_Colors:
    m_NormalColor: {r: 0.36862746, g: 0.16470589, b: 0.67058825, a: 1}
    m_HighlightedColor: {r: 0.44870216, g: 0.19744569, b: 0.8207547, a: 1}
    m_PressedColor: {r: 0.78431374, g: 0.78431374, b: 0.78431374, a: 1}
    m_SelectedColor: {r: 0.5579569, g: 0.25943398, b: 1, a: 1}
    m_DisabledColor: {r: 0.78431374, g: 0.78431374, b: 0.78431374, a: 0.5019608}
    m_ColorMultiplier: 1
    m_FadeDuration: 0.1
  m_SpriteState:
    m_HighlightedSprite: {fileID: 0}
    m_PressedSprite: {fileID: 0}
    m_SelectedSprite: {fileID: 0}
    m_DisabledSprite: {fileID: 0}
  m_AnimationTriggers:
    m_NormalTrigger: Normal
    m_HighlightedTrigger: Highlighted
    m_PressedTrigger: Pressed
    m_SelectedTrigger: Selected
    m_DisabledTrigger: Disabled
  m_Interactable: 1
  m_TargetGraphic: {fileID: 235257949}
  m_OnClick:
    m_PersistentCalls:
      m_Calls: []
--- !u!114 &235257949
MonoBehaviour:
  m_ObjectHideFlags: 0
  m_CorrespondingSourceObject: {fileID: 0}
  m_PrefabInstance: {fileID: 0}
  m_PrefabAsset: {fileID: 0}
  m_GameObject: {fileID: 235257946}
  m_Enabled: 1
  m_EditorHideFlags: 0
  m_Script: {fileID: 11500000, guid: fe87c0e1cc204ed48ad3b37840f39efc, type: 3}
  m_Name: 
  m_EditorClassIdentifier: 
  m_Material: {fileID: 0}
  m_Color: {r: 0.36823812, g: 0.16113384, b: 0.6698113, a: 1}
  m_RaycastTarget: 1
  m_OnCullStateChanged:
    m_PersistentCalls:
      m_Calls: []
  m_Sprite: {fileID: 10905, guid: 0000000000000000f000000000000000, type: 0}
  m_Type: 1
  m_PreserveAspect: 0
  m_FillCenter: 1
  m_FillMethod: 4
  m_FillAmount: 1
  m_FillClockwise: 1
  m_FillOrigin: 0
  m_UseSpriteMesh: 0
  m_PixelsPerUnitMultiplier: 1
--- !u!222 &235257950
CanvasRenderer:
  m_ObjectHideFlags: 0
  m_CorrespondingSourceObject: {fileID: 0}
  m_PrefabInstance: {fileID: 0}
  m_PrefabAsset: {fileID: 0}
  m_GameObject: {fileID: 235257946}
  m_CullTransparentMesh: 0
--- !u!1 &362561300
GameObject:
  m_ObjectHideFlags: 0
  m_CorrespondingSourceObject: {fileID: 0}
  m_PrefabInstance: {fileID: 0}
  m_PrefabAsset: {fileID: 0}
  serializedVersion: 6
  m_Component:
  - component: {fileID: 362561302}
  - component: {fileID: 362561301}
  m_Layer: 0
  m_Name: global-light
  m_TagString: Untagged
  m_Icon: {fileID: 0}
  m_NavMeshLayer: 0
  m_StaticEditorFlags: 0
  m_IsActive: 1
--- !u!108 &362561301
Light:
  m_ObjectHideFlags: 0
  m_CorrespondingSourceObject: {fileID: 0}
  m_PrefabInstance: {fileID: 0}
  m_PrefabAsset: {fileID: 0}
  m_GameObject: {fileID: 362561300}
  m_Enabled: 1
  serializedVersion: 9
  m_Type: 1
  m_Color: {r: 1, g: 0.95686275, b: 0.8392157, a: 1}
  m_Intensity: 0
  m_Range: 10
  m_SpotAngle: 30
  m_InnerSpotAngle: 21.80208
  m_CookieSize: 10
  m_Shadows:
    m_Type: 2
    m_Resolution: -1
    m_CustomResolution: -1
    m_Strength: 1
    m_Bias: 0.05
    m_NormalBias: 0.4
    m_NearPlane: 0.2
    m_CullingMatrixOverride:
      e00: 1
      e01: 0
      e02: 0
      e03: 0
      e10: 0
      e11: 1
      e12: 0
      e13: 0
      e20: 0
      e21: 0
      e22: 1
      e23: 0
      e30: 0
      e31: 0
      e32: 0
      e33: 1
    m_UseCullingMatrixOverride: 0
  m_Cookie: {fileID: 0}
  m_DrawHalo: 0
  m_Flare: {fileID: 0}
  m_RenderMode: 0
  m_CullingMask:
    serializedVersion: 2
    m_Bits: 4294967295
  m_RenderingLayerMask: 1
  m_Lightmapping: 4
  m_LightShadowCasterMode: 0
  m_AreaSize: {x: 1, y: 1}
  m_BounceIntensity: 1
  m_ColorTemperature: 6570
  m_UseColorTemperature: 0
  m_BoundingSphereOverride: {x: 0, y: 0, z: 0, w: 0}
  m_UseBoundingSphereOverride: 0
  m_ShadowRadius: 0
  m_ShadowAngle: 0
--- !u!4 &362561302
Transform:
  m_ObjectHideFlags: 0
  m_CorrespondingSourceObject: {fileID: 0}
  m_PrefabInstance: {fileID: 0}
  m_PrefabAsset: {fileID: 0}
  m_GameObject: {fileID: 362561300}
  m_LocalRotation: {x: -0.016154937, y: -0.24906038, z: 0.00840816, w: 0.9683167}
  m_LocalPosition: {x: 5.855, y: 7.979, z: -15.445}
  m_LocalScale: {x: 1, y: 1, z: 1}
  m_Children: []
  m_Father: {fileID: 0}
  m_RootOrder: 3
  m_LocalEulerAnglesHint: {x: -1.5530001, y: -28.868002, z: 1.3950001}
--- !u!1 &503891664
GameObject:
  m_ObjectHideFlags: 0
  m_CorrespondingSourceObject: {fileID: 0}
  m_PrefabInstance: {fileID: 0}
  m_PrefabAsset: {fileID: 0}
  serializedVersion: 6
  m_Component:
  - component: {fileID: 503891667}
  - component: {fileID: 503891666}
  - component: {fileID: 503891665}
  m_Layer: 0
  m_Name: Main Camera
  m_TagString: MainCamera
  m_Icon: {fileID: 0}
  m_NavMeshLayer: 0
  m_StaticEditorFlags: 0
  m_IsActive: 1
--- !u!81 &503891665
AudioListener:
  m_ObjectHideFlags: 0
  m_CorrespondingSourceObject: {fileID: 0}
  m_PrefabInstance: {fileID: 0}
  m_PrefabAsset: {fileID: 0}
  m_GameObject: {fileID: 503891664}
  m_Enabled: 1
--- !u!20 &503891666
Camera:
  m_ObjectHideFlags: 0
  m_CorrespondingSourceObject: {fileID: 0}
  m_PrefabInstance: {fileID: 0}
  m_PrefabAsset: {fileID: 0}
  m_GameObject: {fileID: 503891664}
  m_Enabled: 1
  serializedVersion: 2
  m_ClearFlags: 1
  m_BackGroundColor: {r: 0.19215687, g: 0.3019608, b: 0.4745098, a: 0}
  m_projectionMatrixMode: 1
  m_GateFitMode: 2
  m_FOVAxisMode: 0
  m_SensorSize: {x: 36, y: 24}
  m_LensShift: {x: 0, y: 0}
  m_FocalLength: 50
  m_NormalizedViewPortRect:
    serializedVersion: 2
    x: 0
    y: 0
    width: 1
    height: 1
  near clip plane: 0.3
  far clip plane: 1000
  field of view: 60
  orthographic: 0
  orthographic size: 5
  m_Depth: -1
  m_CullingMask:
    serializedVersion: 2
    m_Bits: 4294967295
  m_RenderingPath: -1
  m_TargetTexture: {fileID: 0}
  m_TargetDisplay: 0
  m_TargetEye: 3
  m_HDR: 1
  m_AllowMSAA: 1
  m_AllowDynamicResolution: 0
  m_ForceIntoRT: 0
  m_OcclusionCulling: 1
  m_StereoConvergence: 10
  m_StereoSeparation: 0.022
--- !u!4 &503891667
Transform:
  m_ObjectHideFlags: 0
  m_CorrespondingSourceObject: {fileID: 0}
  m_PrefabInstance: {fileID: 0}
  m_PrefabAsset: {fileID: 0}
  m_GameObject: {fileID: 503891664}
  m_LocalRotation: {x: -0, y: -0.19486834, z: -0, w: 0.9808294}
  m_LocalPosition: {x: 5.538, y: 5.344, z: -12.553}
  m_LocalScale: {x: 1, y: 1, z: 1}
  m_Children: []
  m_Father: {fileID: 0}
  m_RootOrder: 0
  m_LocalEulerAnglesHint: {x: 0, y: -22.474, z: 0}
--- !u!1 &539968887
GameObject:
  m_ObjectHideFlags: 0
  m_CorrespondingSourceObject: {fileID: 0}
  m_PrefabInstance: {fileID: 0}
  m_PrefabAsset: {fileID: 0}
  serializedVersion: 6
  m_Component:
  - component: {fileID: 539968891}
  - component: {fileID: 539968890}
  - component: {fileID: 539968889}
  - component: {fileID: 539968888}
  m_Layer: 0
  m_Name: Plane
  m_TagString: Untagged
  m_Icon: {fileID: 0}
  m_NavMeshLayer: 0
  m_StaticEditorFlags: 0
  m_IsActive: 1
--- !u!64 &539968888
MeshCollider:
  m_ObjectHideFlags: 0
  m_CorrespondingSourceObject: {fileID: 0}
  m_PrefabInstance: {fileID: 0}
  m_PrefabAsset: {fileID: 0}
  m_GameObject: {fileID: 539968887}
  m_Material: {fileID: 0}
  m_IsTrigger: 0
  m_Enabled: 1
  serializedVersion: 3
  m_Convex: 0
  m_CookingOptions: 14
  m_Mesh: {fileID: 10209, guid: 0000000000000000e000000000000000, type: 0}
--- !u!23 &539968889
MeshRenderer:
  m_ObjectHideFlags: 0
  m_CorrespondingSourceObject: {fileID: 0}
  m_PrefabInstance: {fileID: 0}
  m_PrefabAsset: {fileID: 0}
  m_GameObject: {fileID: 539968887}
  m_Enabled: 1
  m_CastShadows: 0
  m_ReceiveShadows: 1
  m_DynamicOccludee: 1
  m_MotionVectors: 1
  m_LightProbeUsage: 1
  m_ReflectionProbeUsage: 1
  m_RenderingLayerMask: 1
  m_RendererPriority: 0
  m_Materials:
  - {fileID: 2100000, guid: 37559ce5bbd3e03418c148ba3bfe4426, type: 2}
  m_StaticBatchInfo:
    firstSubMesh: 0
    subMeshCount: 0
  m_StaticBatchRoot: {fileID: 0}
  m_ProbeAnchor: {fileID: 0}
  m_LightProbeVolumeOverride: {fileID: 0}
  m_ScaleInLightmap: 1
  m_ReceiveGI: 1
  m_PreserveUVs: 0
  m_IgnoreNormalsForChartDetection: 0
  m_ImportantGI: 0
  m_StitchLightmapSeams: 1
  m_SelectedEditorRenderState: 3
  m_MinimumChartSize: 4
  m_AutoUVMaxDistance: 0.5
  m_AutoUVMaxAngle: 89
  m_LightmapParameters: {fileID: 0}
  m_SortingLayerID: 0
  m_SortingLayer: 0
  m_SortingOrder: 0
--- !u!33 &539968890
MeshFilter:
  m_ObjectHideFlags: 0
  m_CorrespondingSourceObject: {fileID: 0}
  m_PrefabInstance: {fileID: 0}
  m_PrefabAsset: {fileID: 0}
  m_GameObject: {fileID: 539968887}
  m_Mesh: {fileID: 10209, guid: 0000000000000000e000000000000000, type: 0}
--- !u!4 &539968891
Transform:
  m_ObjectHideFlags: 0
  m_CorrespondingSourceObject: {fileID: 0}
  m_PrefabInstance: {fileID: 0}
  m_PrefabAsset: {fileID: 0}
  m_GameObject: {fileID: 539968887}
  m_LocalRotation: {x: 0.0447704, y: 0.705688, z: -0.7037512, w: 0.06880635}
  m_LocalPosition: {x: 4.761, y: 5.553, z: -10.637}
  m_LocalScale: {x: 0.57405967, y: 0.33645508, z: 0.33645508}
  m_Children: []
  m_Father: {fileID: 0}
  m_RootOrder: 7
  m_LocalEulerAnglesHint: {x: -268.04602, y: -90, z: 99.214}
--- !u!1 &642671896
GameObject:
  m_ObjectHideFlags: 0
  m_CorrespondingSourceObject: {fileID: 0}
  m_PrefabInstance: {fileID: 0}
  m_PrefabAsset: {fileID: 0}
  serializedVersion: 6
  m_Component:
  - component: {fileID: 642671897}
  - component: {fileID: 642671899}
  - component: {fileID: 642671898}
  m_Layer: 5
  m_Name: Text
  m_TagString: Untagged
  m_Icon: {fileID: 0}
  m_NavMeshLayer: 0
  m_StaticEditorFlags: 0
  m_IsActive: 1
--- !u!224 &642671897
RectTransform:
  m_ObjectHideFlags: 0
  m_CorrespondingSourceObject: {fileID: 0}
  m_PrefabInstance: {fileID: 0}
  m_PrefabAsset: {fileID: 0}
  m_GameObject: {fileID: 642671896}
  m_LocalRotation: {x: -0, y: -0, z: -0, w: 1}
  m_LocalPosition: {x: 0, y: 0, z: 0}
  m_LocalScale: {x: 1, y: 1, z: 1}
  m_Children: []
  m_Father: {fileID: 76247445}
  m_RootOrder: 0
  m_LocalEulerAnglesHint: {x: 0, y: 0, z: 0}
  m_AnchorMin: {x: 0, y: 0}
  m_AnchorMax: {x: 1, y: 1}
  m_AnchoredPosition: {x: 0, y: 0}
  m_SizeDelta: {x: 0, y: 0}
  m_Pivot: {x: 0.5, y: 0.5}
--- !u!114 &642671898
MonoBehaviour:
  m_ObjectHideFlags: 0
  m_CorrespondingSourceObject: {fileID: 0}
  m_PrefabInstance: {fileID: 0}
  m_PrefabAsset: {fileID: 0}
  m_GameObject: {fileID: 642671896}
  m_Enabled: 1
  m_EditorHideFlags: 0
  m_Script: {fileID: 11500000, guid: 5f7201a12d95ffc409449d95f23cf332, type: 3}
  m_Name: 
  m_EditorClassIdentifier: 
  m_Material: {fileID: 0}
  m_Color: {r: 1, g: 1, b: 1, a: 1}
  m_RaycastTarget: 1
  m_OnCullStateChanged:
    m_PersistentCalls:
      m_Calls: []
  m_FontData:
    m_Font: {fileID: 10102, guid: 0000000000000000e000000000000000, type: 0}
    m_FontSize: 14
    m_FontStyle: 0
    m_BestFit: 0
    m_MinSize: 10
    m_MaxSize: 40
    m_Alignment: 4
    m_AlignByGeometry: 0
    m_RichText: 1
    m_HorizontalOverflow: 0
    m_VerticalOverflow: 0
    m_LineSpacing: 1
  m_Text: Enviar
--- !u!222 &642671899
CanvasRenderer:
  m_ObjectHideFlags: 0
  m_CorrespondingSourceObject: {fileID: 0}
  m_PrefabInstance: {fileID: 0}
  m_PrefabAsset: {fileID: 0}
  m_GameObject: {fileID: 642671896}
  m_CullTransparentMesh: 0
--- !u!1 &720074285
GameObject:
  m_ObjectHideFlags: 0
  m_CorrespondingSourceObject: {fileID: 0}
  m_PrefabInstance: {fileID: 0}
  m_PrefabAsset: {fileID: 0}
  serializedVersion: 6
  m_Component:
  - component: {fileID: 720074287}
  - component: {fileID: 720074286}
  m_Layer: 0
  m_Name: location-light
  m_TagString: Untagged
  m_Icon: {fileID: 0}
  m_NavMeshLayer: 0
  m_StaticEditorFlags: 0
  m_IsActive: 1
--- !u!108 &720074286
Light:
  m_ObjectHideFlags: 0
  m_CorrespondingSourceObject: {fileID: 0}
  m_PrefabInstance: {fileID: 0}
  m_PrefabAsset: {fileID: 0}
  m_GameObject: {fileID: 720074285}
  m_Enabled: 1
  serializedVersion: 9
  m_Type: 2
  m_Color: {r: 1, g: 1, b: 1, a: 1}
  m_Intensity: 4
  m_Range: 10
  m_SpotAngle: 30
  m_InnerSpotAngle: 21.80208
  m_CookieSize: 10
  m_Shadows:
    m_Type: 0
    m_Resolution: -1
    m_CustomResolution: -1
    m_Strength: 1
    m_Bias: 0.05
    m_NormalBias: 0.4
    m_NearPlane: 0.2
    m_CullingMatrixOverride:
      e00: 1
      e01: 0
      e02: 0
      e03: 0
      e10: 0
      e11: 1
      e12: 0
      e13: 0
      e20: 0
      e21: 0
      e22: 1
      e23: 0
      e30: 0
      e31: 0
      e32: 0
      e33: 1
    m_UseCullingMatrixOverride: 0
  m_Cookie: {fileID: 0}
  m_DrawHalo: 0
  m_Flare: {fileID: 0}
  m_RenderMode: 0
  m_CullingMask:
    serializedVersion: 2
    m_Bits: 4294967295
  m_RenderingLayerMask: 1
  m_Lightmapping: 4
  m_LightShadowCasterMode: 0
  m_AreaSize: {x: 1, y: 1}
  m_BounceIntensity: 1
  m_ColorTemperature: 6570
  m_UseColorTemperature: 0
  m_BoundingSphereOverride: {x: 0, y: 0, z: 0, w: 0}
  m_UseBoundingSphereOverride: 0
  m_ShadowRadius: 0
  m_ShadowAngle: 0
--- !u!4 &720074287
Transform:
  m_ObjectHideFlags: 0
  m_CorrespondingSourceObject: {fileID: 0}
  m_PrefabInstance: {fileID: 0}
  m_PrefabAsset: {fileID: 0}
  m_GameObject: {fileID: 720074285}
  m_LocalRotation: {x: 0, y: 0, z: 0, w: 1}
  m_LocalPosition: {x: 7.661, y: 6.485, z: -14.2}
  m_LocalScale: {x: 1, y: 1, z: 1}
  m_Children: []
  m_Father: {fileID: 0}
  m_RootOrder: 4
  m_LocalEulerAnglesHint: {x: 0, y: 0, z: 0}
--- !u!1 &740023944
GameObject:
  m_ObjectHideFlags: 0
  m_CorrespondingSourceObject: {fileID: 0}
  m_PrefabInstance: {fileID: 0}
  m_PrefabAsset: {fileID: 0}
  serializedVersion: 6
  m_Component:
  - component: {fileID: 740023945}
  - component: {fileID: 740023947}
  - component: {fileID: 740023946}
  m_Layer: 5
  m_Name: Text
  m_TagString: Untagged
  m_Icon: {fileID: 0}
  m_NavMeshLayer: 0
  m_StaticEditorFlags: 0
  m_IsActive: 1
--- !u!224 &740023945
RectTransform:
  m_ObjectHideFlags: 0
  m_CorrespondingSourceObject: {fileID: 0}
  m_PrefabInstance: {fileID: 0}
  m_PrefabAsset: {fileID: 0}
  m_GameObject: {fileID: 740023944}
  m_LocalRotation: {x: -0, y: -0, z: -0, w: 1}
  m_LocalPosition: {x: 0, y: 0, z: 0}
  m_LocalScale: {x: 1, y: 1, z: 1}
  m_Children: []
  m_Father: {fileID: 2133252200}
  m_RootOrder: 1
  m_LocalEulerAnglesHint: {x: 0, y: 0, z: 0}
  m_AnchorMin: {x: 0, y: 0}
  m_AnchorMax: {x: 1, y: 1}
  m_AnchoredPosition: {x: 0, y: -0.5}
  m_SizeDelta: {x: -20, y: -13}
  m_Pivot: {x: 0.5, y: 0.5}
--- !u!114 &740023946
MonoBehaviour:
  m_ObjectHideFlags: 0
  m_CorrespondingSourceObject: {fileID: 0}
  m_PrefabInstance: {fileID: 0}
  m_PrefabAsset: {fileID: 0}
  m_GameObject: {fileID: 740023944}
  m_Enabled: 1
  m_EditorHideFlags: 0
  m_Script: {fileID: 11500000, guid: 5f7201a12d95ffc409449d95f23cf332, type: 3}
  m_Name: 
  m_EditorClassIdentifier: 
  m_Material: {fileID: 0}
  m_Color: {r: 0.19607843, g: 0.19607843, b: 0.19607843, a: 1}
  m_RaycastTarget: 1
  m_OnCullStateChanged:
    m_PersistentCalls:
      m_Calls: []
  m_FontData:
    m_Font: {fileID: 10102, guid: 0000000000000000e000000000000000, type: 0}
    m_FontSize: 14
    m_FontStyle: 0
    m_BestFit: 0
    m_MinSize: 10
    m_MaxSize: 40
    m_Alignment: 0
    m_AlignByGeometry: 0
    m_RichText: 0
    m_HorizontalOverflow: 1
    m_VerticalOverflow: 0
    m_LineSpacing: 1
  m_Text: 
--- !u!222 &740023947
CanvasRenderer:
  m_ObjectHideFlags: 0
  m_CorrespondingSourceObject: {fileID: 0}
  m_PrefabInstance: {fileID: 0}
  m_PrefabAsset: {fileID: 0}
  m_GameObject: {fileID: 740023944}
  m_CullTransparentMesh: 0
--- !u!1 &863258451
GameObject:
  m_ObjectHideFlags: 0
  m_CorrespondingSourceObject: {fileID: 0}
  m_PrefabInstance: {fileID: 0}
  m_PrefabAsset: {fileID: 0}
  serializedVersion: 6
  m_Component:
  - component: {fileID: 863258452}
  m_Layer: 0
  m_Name: rEye 2
  m_TagString: Untagged
  m_Icon: {fileID: 0}
  m_NavMeshLayer: 0
  m_StaticEditorFlags: 0
  m_IsActive: 1
--- !u!4 &863258452
Transform:
  m_ObjectHideFlags: 0
  m_CorrespondingSourceObject: {fileID: 0}
  m_PrefabInstance: {fileID: 0}
  m_PrefabAsset: {fileID: 0}
  m_GameObject: {fileID: 863258451}
  m_LocalRotation: {x: -0, y: -9.313227e-10, z: 4.0745365e-10, w: 1}
  m_LocalPosition: {x: 0, y: 0, z: 0}
  m_LocalScale: {x: 1, y: 1, z: 1}
  m_Children: []
  m_Father: {fileID: 100333184}
  m_RootOrder: 0
  m_LocalEulerAnglesHint: {x: 0, y: 0, z: 0}
--- !u!1 &884638915
GameObject:
  m_ObjectHideFlags: 0
  m_CorrespondingSourceObject: {fileID: 0}
  m_PrefabInstance: {fileID: 0}
  m_PrefabAsset: {fileID: 0}
  serializedVersion: 6
  m_Component:
  - component: {fileID: 884638916}
  - component: {fileID: 884638918}
  - component: {fileID: 884638917}
  m_Layer: 5
  m_Name: Placeholder
  m_TagString: Untagged
  m_Icon: {fileID: 0}
  m_NavMeshLayer: 0
  m_StaticEditorFlags: 0
  m_IsActive: 1
--- !u!224 &884638916
RectTransform:
  m_ObjectHideFlags: 0
  m_CorrespondingSourceObject: {fileID: 0}
  m_PrefabInstance: {fileID: 0}
  m_PrefabAsset: {fileID: 0}
  m_GameObject: {fileID: 884638915}
  m_LocalRotation: {x: -0, y: -0, z: -0, w: 1}
  m_LocalPosition: {x: 0, y: 0, z: 0}
  m_LocalScale: {x: 1, y: 1, z: 1}
  m_Children: []
  m_Father: {fileID: 2133252200}
  m_RootOrder: 0
  m_LocalEulerAnglesHint: {x: 0, y: 0, z: 0}
  m_AnchorMin: {x: 0, y: 0}
  m_AnchorMax: {x: 1, y: 1}
  m_AnchoredPosition: {x: 0, y: -0.5}
  m_SizeDelta: {x: -20, y: -13}
  m_Pivot: {x: 0.5, y: 0.5}
--- !u!114 &884638917
MonoBehaviour:
  m_ObjectHideFlags: 0
  m_CorrespondingSourceObject: {fileID: 0}
  m_PrefabInstance: {fileID: 0}
  m_PrefabAsset: {fileID: 0}
  m_GameObject: {fileID: 884638915}
  m_Enabled: 1
  m_EditorHideFlags: 0
  m_Script: {fileID: 11500000, guid: 5f7201a12d95ffc409449d95f23cf332, type: 3}
  m_Name: 
  m_EditorClassIdentifier: 
  m_Material: {fileID: 0}
  m_Color: {r: 0.19607843, g: 0.19607843, b: 0.19607843, a: 0.5}
  m_RaycastTarget: 1
  m_OnCullStateChanged:
    m_PersistentCalls:
      m_Calls: []
  m_FontData:
    m_Font: {fileID: 10102, guid: 0000000000000000e000000000000000, type: 0}
    m_FontSize: 14
    m_FontStyle: 2
    m_BestFit: 0
    m_MinSize: 10
    m_MaxSize: 40
    m_Alignment: 0
    m_AlignByGeometry: 0
    m_RichText: 1
    m_HorizontalOverflow: 0
    m_VerticalOverflow: 0
    m_LineSpacing: 1
  m_Text: Inserte su consulta en texto...
--- !u!222 &884638918
CanvasRenderer:
  m_ObjectHideFlags: 0
  m_CorrespondingSourceObject: {fileID: 0}
  m_PrefabInstance: {fileID: 0}
  m_PrefabAsset: {fileID: 0}
  m_GameObject: {fileID: 884638915}
  m_CullTransparentMesh: 0
--- !u!1 &889309802
GameObject:
  m_ObjectHideFlags: 0
  m_CorrespondingSourceObject: {fileID: 0}
  m_PrefabInstance: {fileID: 0}
  m_PrefabAsset: {fileID: 0}
  serializedVersion: 6
  m_Component:
  - component: {fileID: 889309803}
  m_Layer: 0
  m_Name: lEye 2
  m_TagString: Untagged
  m_Icon: {fileID: 0}
  m_NavMeshLayer: 0
  m_StaticEditorFlags: 0
  m_IsActive: 1
--- !u!4 &889309803
Transform:
  m_ObjectHideFlags: 0
  m_CorrespondingSourceObject: {fileID: 0}
  m_PrefabInstance: {fileID: 0}
  m_PrefabAsset: {fileID: 0}
  m_GameObject: {fileID: 889309802}
  m_LocalRotation: {x: -0, y: -9.313227e-10, z: 4.0745365e-10, w: 1}
  m_LocalPosition: {x: 0, y: 0, z: 0}
  m_LocalScale: {x: 1, y: 1, z: 1}
  m_Children: []
  m_Father: {fileID: 20428340}
  m_RootOrder: 0
  m_LocalEulerAnglesHint: {x: 0, y: 0, z: 0}
--- !u!1 &1003350238
GameObject:
  m_ObjectHideFlags: 0
  m_CorrespondingSourceObject: {fileID: 0}
  m_PrefabInstance: {fileID: 0}
  m_PrefabAsset: {fileID: 0}
  serializedVersion: 6
  m_Component:
  - component: {fileID: 1003350241}
  - component: {fileID: 1003350240}
  - component: {fileID: 1003350239}
  m_Layer: 0
  m_Name: EventSystem
  m_TagString: Untagged
  m_Icon: {fileID: 0}
  m_NavMeshLayer: 0
  m_StaticEditorFlags: 0
  m_IsActive: 1
--- !u!114 &1003350239
MonoBehaviour:
  m_ObjectHideFlags: 0
  m_CorrespondingSourceObject: {fileID: 0}
  m_PrefabInstance: {fileID: 0}
  m_PrefabAsset: {fileID: 0}
  m_GameObject: {fileID: 1003350238}
  m_Enabled: 1
  m_EditorHideFlags: 0
  m_Script: {fileID: 11500000, guid: 4f231c4fb786f3946a6b90b886c48677, type: 3}
  m_Name: 
  m_EditorClassIdentifier: 
  m_HorizontalAxis: Horizontal
  m_VerticalAxis: Vertical
  m_SubmitButton: Submit
  m_CancelButton: Cancel
  m_InputActionsPerSecond: 10
  m_RepeatDelay: 0.5
  m_ForceModuleActive: 0
--- !u!114 &1003350240
MonoBehaviour:
  m_ObjectHideFlags: 0
  m_CorrespondingSourceObject: {fileID: 0}
  m_PrefabInstance: {fileID: 0}
  m_PrefabAsset: {fileID: 0}
  m_GameObject: {fileID: 1003350238}
  m_Enabled: 1
  m_EditorHideFlags: 0
  m_Script: {fileID: 11500000, guid: 76c392e42b5098c458856cdf6ecaaaa1, type: 3}
  m_Name: 
  m_EditorClassIdentifier: 
  m_FirstSelected: {fileID: 0}
  m_sendNavigationEvents: 1
  m_DragThreshold: 10
--- !u!4 &1003350241
Transform:
  m_ObjectHideFlags: 0
  m_CorrespondingSourceObject: {fileID: 0}
  m_PrefabInstance: {fileID: 0}
  m_PrefabAsset: {fileID: 0}
  m_GameObject: {fileID: 1003350238}
  m_LocalRotation: {x: 0, y: 0, z: 0, w: 1}
  m_LocalPosition: {x: 0, y: 0, z: 0}
  m_LocalScale: {x: 1, y: 1, z: 1}
  m_Children: []
  m_Father: {fileID: 0}
  m_RootOrder: 9
  m_LocalEulerAnglesHint: {x: 0, y: 0, z: 0}
--- !u!1001 &1108760621
PrefabInstance:
  m_ObjectHideFlags: 0
  serializedVersion: 2
  m_Modification:
    m_TransformParent: {fileID: 0}
    m_Modifications:
    - target: {fileID: -927199367670048503, guid: cf0b410b6ef7da24c9dcc52a2a65ebf8,
        type: 3}
      propertyPath: m_Name
      value: zia2
      objectReference: {fileID: 0}
    - target: {fileID: -7615787228741737835, guid: cf0b410b6ef7da24c9dcc52a2a65ebf8,
        type: 3}
      propertyPath: m_LocalRotation.x
      value: -0.19738531
      objectReference: {fileID: 0}
    - target: {fileID: -7615787228741737835, guid: cf0b410b6ef7da24c9dcc52a2a65ebf8,
        type: 3}
      propertyPath: m_LocalRotation.y
      value: -0.050678592
      objectReference: {fileID: 0}
    - target: {fileID: -7615787228741737835, guid: cf0b410b6ef7da24c9dcc52a2a65ebf8,
        type: 3}
      propertyPath: m_LocalRotation.z
      value: 0.1141652
      objectReference: {fileID: 0}
    - target: {fileID: -7615787228741737835, guid: cf0b410b6ef7da24c9dcc52a2a65ebf8,
        type: 3}
      propertyPath: m_LocalRotation.w
      value: 0.97233593
      objectReference: {fileID: 0}
    - target: {fileID: -7615787228741737835, guid: cf0b410b6ef7da24c9dcc52a2a65ebf8,
        type: 3}
      propertyPath: m_LocalPosition.x
      value: -0.09935318
      objectReference: {fileID: 0}
    - target: {fileID: -7615787228741737835, guid: cf0b410b6ef7da24c9dcc52a2a65ebf8,
        type: 3}
      propertyPath: m_LocalPosition.y
      value: -0.10830388
      objectReference: {fileID: 0}
    - target: {fileID: -7615787228741737835, guid: cf0b410b6ef7da24c9dcc52a2a65ebf8,
        type: 3}
      propertyPath: m_LocalPosition.z
      value: -0.0017759257
      objectReference: {fileID: 0}
    - target: {fileID: -7615787228741737835, guid: cf0b410b6ef7da24c9dcc52a2a65ebf8,
        type: 3}
      propertyPath: m_LocalEulerAnglesHint.x
      value: -21.856
      objectReference: {fileID: 0}
    - target: {fileID: -7615787228741737835, guid: cf0b410b6ef7da24c9dcc52a2a65ebf8,
        type: 3}
      propertyPath: m_LocalEulerAnglesHint.y
      value: -8.902
      objectReference: {fileID: 0}
    - target: {fileID: -7615787228741737835, guid: cf0b410b6ef7da24c9dcc52a2a65ebf8,
        type: 3}
      propertyPath: m_LocalEulerAnglesHint.z
      value: 15.115001
      objectReference: {fileID: 0}
    - target: {fileID: -7152762600820326802, guid: cf0b410b6ef7da24c9dcc52a2a65ebf8,
        type: 3}
      propertyPath: m_LocalRotation.x
      value: 0.056273893
      objectReference: {fileID: 0}
    - target: {fileID: -7152762600820326802, guid: cf0b410b6ef7da24c9dcc52a2a65ebf8,
        type: 3}
      propertyPath: m_LocalRotation.y
      value: -0.12680724
      objectReference: {fileID: 0}
    - target: {fileID: -7152762600820326802, guid: cf0b410b6ef7da24c9dcc52a2a65ebf8,
        type: 3}
      propertyPath: m_LocalRotation.z
      value: -0.078580946
      objectReference: {fileID: 0}
    - target: {fileID: -7152762600820326802, guid: cf0b410b6ef7da24c9dcc52a2a65ebf8,
        type: 3}
      propertyPath: m_LocalRotation.w
      value: 0.98720735
      objectReference: {fileID: 0}
    - target: {fileID: -7152762600820326802, guid: cf0b410b6ef7da24c9dcc52a2a65ebf8,
        type: 3}
      propertyPath: m_LocalPosition.x
      value: 0.07846596
      objectReference: {fileID: 0}
    - target: {fileID: -7152762600820326802, guid: cf0b410b6ef7da24c9dcc52a2a65ebf8,
        type: 3}
      propertyPath: m_LocalPosition.y
      value: -0.086821795
      objectReference: {fileID: 0}
    - target: {fileID: -7152762600820326802, guid: cf0b410b6ef7da24c9dcc52a2a65ebf8,
        type: 3}
      propertyPath: m_LocalPosition.z
      value: 0.0019500568
      objectReference: {fileID: 0}
    - target: {fileID: -7152762600820326802, guid: cf0b410b6ef7da24c9dcc52a2a65ebf8,
        type: 3}
      propertyPath: m_LocalEulerAnglesHint.x
      value: 5.2310004
      objectReference: {fileID: 0}
    - target: {fileID: -7152762600820326802, guid: cf0b410b6ef7da24c9dcc52a2a65ebf8,
        type: 3}
      propertyPath: m_LocalEulerAnglesHint.y
      value: -15.088
      objectReference: {fileID: 0}
    - target: {fileID: -7152762600820326802, guid: cf0b410b6ef7da24c9dcc52a2a65ebf8,
        type: 3}
      propertyPath: m_LocalEulerAnglesHint.z
      value: -9.795
      objectReference: {fileID: 0}
    - target: {fileID: -6081470830831867213, guid: cf0b410b6ef7da24c9dcc52a2a65ebf8,
        type: 3}
      propertyPath: m_LocalRotation.x
      value: 0.0787264
      objectReference: {fileID: 0}
    - target: {fileID: -6081470830831867213, guid: cf0b410b6ef7da24c9dcc52a2a65ebf8,
        type: 3}
      propertyPath: m_LocalRotation.y
      value: 0.009707556
      objectReference: {fileID: 0}
    - target: {fileID: -6081470830831867213, guid: cf0b410b6ef7da24c9dcc52a2a65ebf8,
        type: 3}
      propertyPath: m_LocalRotation.z
      value: 0.0018350857
      objectReference: {fileID: 0}
    - target: {fileID: -6081470830831867213, guid: cf0b410b6ef7da24c9dcc52a2a65ebf8,
        type: 3}
      propertyPath: m_LocalRotation.w
      value: 0.9968473
      objectReference: {fileID: 0}
    - target: {fileID: -6081470830831867213, guid: cf0b410b6ef7da24c9dcc52a2a65ebf8,
        type: 3}
      propertyPath: m_LocalPosition.x
      value: 0.0002555055
      objectReference: {fileID: 0}
    - target: {fileID: -6081470830831867213, guid: cf0b410b6ef7da24c9dcc52a2a65ebf8,
        type: 3}
      propertyPath: m_LocalPosition.y
      value: 0.04966302
      objectReference: {fileID: 0}
    - target: {fileID: -6081470830831867213, guid: cf0b410b6ef7da24c9dcc52a2a65ebf8,
        type: 3}
      propertyPath: m_LocalPosition.z
      value: -0.0022430904
      objectReference: {fileID: 0}
    - target: {fileID: -6081470830831867213, guid: cf0b410b6ef7da24c9dcc52a2a65ebf8,
        type: 3}
      propertyPath: m_LocalEulerAnglesHint.x
      value: 9.028001
      objectReference: {fileID: 0}
    - target: {fileID: -6081470830831867213, guid: cf0b410b6ef7da24c9dcc52a2a65ebf8,
        type: 3}
      propertyPath: m_LocalEulerAnglesHint.y
      value: 1.1400001
      objectReference: {fileID: 0}
    - target: {fileID: -6081470830831867213, guid: cf0b410b6ef7da24c9dcc52a2a65ebf8,
        type: 3}
      propertyPath: m_LocalEulerAnglesHint.z
      value: 0.30100003
      objectReference: {fileID: 0}
    - target: {fileID: -5875714981732312500, guid: cf0b410b6ef7da24c9dcc52a2a65ebf8,
        type: 3}
      propertyPath: m_LocalRotation.x
      value: 0.0787264
      objectReference: {fileID: 0}
    - target: {fileID: -5875714981732312500, guid: cf0b410b6ef7da24c9dcc52a2a65ebf8,
        type: 3}
      propertyPath: m_LocalRotation.y
      value: 0.009707556
      objectReference: {fileID: 0}
    - target: {fileID: -5875714981732312500, guid: cf0b410b6ef7da24c9dcc52a2a65ebf8,
        type: 3}
      propertyPath: m_LocalRotation.z
      value: 0.0018350857
      objectReference: {fileID: 0}
    - target: {fileID: -5875714981732312500, guid: cf0b410b6ef7da24c9dcc52a2a65ebf8,
        type: 3}
      propertyPath: m_LocalRotation.w
      value: 0.9968473
      objectReference: {fileID: 0}
    - target: {fileID: -5875714981732312500, guid: cf0b410b6ef7da24c9dcc52a2a65ebf8,
        type: 3}
      propertyPath: m_LocalPosition.x
      value: 0.0040780567
      objectReference: {fileID: 0}
    - target: {fileID: -5875714981732312500, guid: cf0b410b6ef7da24c9dcc52a2a65ebf8,
        type: 3}
      propertyPath: m_LocalPosition.y
      value: 0.016028404
      objectReference: {fileID: 0}
    - target: {fileID: -5875714981732312500, guid: cf0b410b6ef7da24c9dcc52a2a65ebf8,
        type: 3}
      propertyPath: m_LocalPosition.z
      value: -0.25971574
      objectReference: {fileID: 0}
    - target: {fileID: -5875714981732312500, guid: cf0b410b6ef7da24c9dcc52a2a65ebf8,
        type: 3}
      propertyPath: m_LocalEulerAnglesHint.x
      value: 9.028001
      objectReference: {fileID: 0}
    - target: {fileID: -5875714981732312500, guid: cf0b410b6ef7da24c9dcc52a2a65ebf8,
        type: 3}
      propertyPath: m_LocalEulerAnglesHint.y
      value: 1.1400001
      objectReference: {fileID: 0}
    - target: {fileID: -5875714981732312500, guid: cf0b410b6ef7da24c9dcc52a2a65ebf8,
        type: 3}
      propertyPath: m_LocalEulerAnglesHint.z
      value: 0.30100003
      objectReference: {fileID: 0}
    - target: {fileID: -4216859302048453862, guid: cf0b410b6ef7da24c9dcc52a2a65ebf8,
        type: 3}
      propertyPath: m_LocalPosition.x
      value: 5.41
      objectReference: {fileID: 0}
    - target: {fileID: -4216859302048453862, guid: cf0b410b6ef7da24c9dcc52a2a65ebf8,
        type: 3}
      propertyPath: m_LocalPosition.y
      value: 1.844
      objectReference: {fileID: 0}
    - target: {fileID: -4216859302048453862, guid: cf0b410b6ef7da24c9dcc52a2a65ebf8,
        type: 3}
      propertyPath: m_LocalPosition.z
      value: -11.873
      objectReference: {fileID: 0}
    - target: {fileID: -4216859302048453862, guid: cf0b410b6ef7da24c9dcc52a2a65ebf8,
        type: 3}
      propertyPath: m_LocalRotation.x
      value: -0
      objectReference: {fileID: 0}
    - target: {fileID: -4216859302048453862, guid: cf0b410b6ef7da24c9dcc52a2a65ebf8,
        type: 3}
      propertyPath: m_LocalRotation.y
      value: 0.99569255
      objectReference: {fileID: 0}
    - target: {fileID: -4216859302048453862, guid: cf0b410b6ef7da24c9dcc52a2a65ebf8,
        type: 3}
      propertyPath: m_LocalRotation.z
      value: -0
      objectReference: {fileID: 0}
    - target: {fileID: -4216859302048453862, guid: cf0b410b6ef7da24c9dcc52a2a65ebf8,
        type: 3}
      propertyPath: m_LocalRotation.w
      value: 0.092716716
      objectReference: {fileID: 0}
    - target: {fileID: -4216859302048453862, guid: cf0b410b6ef7da24c9dcc52a2a65ebf8,
        type: 3}
      propertyPath: m_RootOrder
      value: 2
      objectReference: {fileID: 0}
    - target: {fileID: -4216859302048453862, guid: cf0b410b6ef7da24c9dcc52a2a65ebf8,
        type: 3}
      propertyPath: m_LocalEulerAnglesHint.x
      value: 0
      objectReference: {fileID: 0}
    - target: {fileID: -4216859302048453862, guid: cf0b410b6ef7da24c9dcc52a2a65ebf8,
        type: 3}
      propertyPath: m_LocalEulerAnglesHint.y
      value: 169.36
      objectReference: {fileID: 0}
    - target: {fileID: -4216859302048453862, guid: cf0b410b6ef7da24c9dcc52a2a65ebf8,
        type: 3}
      propertyPath: m_LocalEulerAnglesHint.z
      value: 0
      objectReference: {fileID: 0}
    - target: {fileID: -3447159696259370511, guid: cf0b410b6ef7da24c9dcc52a2a65ebf8,
        type: 3}
      propertyPath: m_LocalRotation.x
      value: -0.053186264
      objectReference: {fileID: 0}
    - target: {fileID: -3447159696259370511, guid: cf0b410b6ef7da24c9dcc52a2a65ebf8,
        type: 3}
      propertyPath: m_LocalRotation.y
      value: 0.053057708
      objectReference: {fileID: 0}
    - target: {fileID: -3447159696259370511, guid: cf0b410b6ef7da24c9dcc52a2a65ebf8,
        type: 3}
      propertyPath: m_LocalRotation.z
      value: -0.00825042
      objectReference: {fileID: 0}
    - target: {fileID: -3447159696259370511, guid: cf0b410b6ef7da24c9dcc52a2a65ebf8,
        type: 3}
      propertyPath: m_LocalRotation.w
      value: 0.99714
      objectReference: {fileID: 0}
    - target: {fileID: -3447159696259370511, guid: cf0b410b6ef7da24c9dcc52a2a65ebf8,
        type: 3}
      propertyPath: m_LocalPosition.x
      value: 0.099364884
      objectReference: {fileID: 0}
    - target: {fileID: -3447159696259370511, guid: cf0b410b6ef7da24c9dcc52a2a65ebf8,
        type: 3}
      propertyPath: m_LocalPosition.y
      value: -0.10832056
      objectReference: {fileID: 0}
    - target: {fileID: -3447159696259370511, guid: cf0b410b6ef7da24c9dcc52a2a65ebf8,
        type: 3}
      propertyPath: m_LocalPosition.z
      value: -0.0017704368
      objectReference: {fileID: 0}
    - target: {fileID: -3447159696259370511, guid: cf0b410b6ef7da24c9dcc52a2a65ebf8,
        type: 3}
      propertyPath: m_LocalEulerAnglesHint.x
      value: -6.038
      objectReference: {fileID: 0}
    - target: {fileID: -3447159696259370511, guid: cf0b410b6ef7da24c9dcc52a2a65ebf8,
        type: 3}
      propertyPath: m_LocalEulerAnglesHint.y
      value: 6.1590004
      objectReference: {fileID: 0}
    - target: {fileID: -3447159696259370511, guid: cf0b410b6ef7da24c9dcc52a2a65ebf8,
        type: 3}
      propertyPath: m_LocalEulerAnglesHint.z
      value: -1.273
      objectReference: {fileID: 0}
    - target: {fileID: 1172336380786987828, guid: cf0b410b6ef7da24c9dcc52a2a65ebf8,
        type: 3}
      propertyPath: m_LocalRotation.x
      value: 0.009254741
      objectReference: {fileID: 0}
    - target: {fileID: 1172336380786987828, guid: cf0b410b6ef7da24c9dcc52a2a65ebf8,
        type: 3}
      propertyPath: m_LocalRotation.y
      value: 0.15762307
      objectReference: {fileID: 0}
    - target: {fileID: 1172336380786987828, guid: cf0b410b6ef7da24c9dcc52a2a65ebf8,
        type: 3}
      propertyPath: m_LocalRotation.z
      value: 0.05787826
      objectReference: {fileID: 0}
    - target: {fileID: 1172336380786987828, guid: cf0b410b6ef7da24c9dcc52a2a65ebf8,
        type: 3}
      propertyPath: m_LocalRotation.w
      value: 0.9857583
      objectReference: {fileID: 0}
    - target: {fileID: 1172336380786987828, guid: cf0b410b6ef7da24c9dcc52a2a65ebf8,
        type: 3}
      propertyPath: m_LocalPosition.x
      value: -0.07845998
      objectReference: {fileID: 0}
    - target: {fileID: 1172336380786987828, guid: cf0b410b6ef7da24c9dcc52a2a65ebf8,
        type: 3}
      propertyPath: m_LocalPosition.y
      value: -0.08686101
      objectReference: {fileID: 0}
    - target: {fileID: 1172336380786987828, guid: cf0b410b6ef7da24c9dcc52a2a65ebf8,
        type: 3}
      propertyPath: m_LocalPosition.z
      value: 0.001960717
      objectReference: {fileID: 0}
    - target: {fileID: 1172336380786987828, guid: cf0b410b6ef7da24c9dcc52a2a65ebf8,
        type: 3}
      propertyPath: m_LocalEulerAnglesHint.y
      value: 18.169
      objectReference: {fileID: 0}
    - target: {fileID: 1172336380786987828, guid: cf0b410b6ef7da24c9dcc52a2a65ebf8,
        type: 3}
      propertyPath: m_LocalEulerAnglesHint.z
      value: 6.7200003
      objectReference: {fileID: 0}
    - target: {fileID: 6633345066847580986, guid: cf0b410b6ef7da24c9dcc52a2a65ebf8,
        type: 3}
      propertyPath: m_LocalRotation.x
      value: 0.02434593
      objectReference: {fileID: 0}
    - target: {fileID: 6633345066847580986, guid: cf0b410b6ef7da24c9dcc52a2a65ebf8,
        type: 3}
      propertyPath: m_LocalRotation.y
      value: 0.009235751
      objectReference: {fileID: 0}
    - target: {fileID: 6633345066847580986, guid: cf0b410b6ef7da24c9dcc52a2a65ebf8,
        type: 3}
      propertyPath: m_LocalRotation.z
      value: -0.13233745
      objectReference: {fileID: 0}
    - target: {fileID: 6633345066847580986, guid: cf0b410b6ef7da24c9dcc52a2a65ebf8,
        type: 3}
      propertyPath: m_LocalRotation.w
      value: 0.9908627
      objectReference: {fileID: 0}
    - target: {fileID: 6633345066847580986, guid: cf0b410b6ef7da24c9dcc52a2a65ebf8,
        type: 3}
      propertyPath: m_LocalPosition.x
      value: 0.11861264
      objectReference: {fileID: 0}
    - target: {fileID: 6633345066847580986, guid: cf0b410b6ef7da24c9dcc52a2a65ebf8,
        type: 3}
      propertyPath: m_LocalPosition.y
      value: -0.015696555
      objectReference: {fileID: 0}
    - target: {fileID: 6633345066847580986, guid: cf0b410b6ef7da24c9dcc52a2a65ebf8,
        type: 3}
      propertyPath: m_LocalPosition.z
      value: -0.008235717
      objectReference: {fileID: 0}
    - target: {fileID: 6633345066847580986, guid: cf0b410b6ef7da24c9dcc52a2a65ebf8,
        type: 3}
      propertyPath: m_LocalEulerAnglesHint.x
      value: 2.9060001
      objectReference: {fileID: 0}
    - target: {fileID: 6633345066847580986, guid: cf0b410b6ef7da24c9dcc52a2a65ebf8,
        type: 3}
      propertyPath: m_LocalEulerAnglesHint.y
      value: 0.68
      objectReference: {fileID: 0}
    - target: {fileID: 6633345066847580986, guid: cf0b410b6ef7da24c9dcc52a2a65ebf8,
        type: 3}
      propertyPath: m_LocalEulerAnglesHint.z
      value: -15.1970005
      objectReference: {fileID: 0}
    - target: {fileID: 6840777862040940439, guid: cf0b410b6ef7da24c9dcc52a2a65ebf8,
        type: 3}
      propertyPath: m_LocalRotation.x
      value: 0.0787264
      objectReference: {fileID: 0}
    - target: {fileID: 6840777862040940439, guid: cf0b410b6ef7da24c9dcc52a2a65ebf8,
        type: 3}
      propertyPath: m_LocalRotation.y
      value: 0.009707556
      objectReference: {fileID: 0}
    - target: {fileID: 6840777862040940439, guid: cf0b410b6ef7da24c9dcc52a2a65ebf8,
        type: 3}
      propertyPath: m_LocalRotation.z
      value: 0.0018350857
      objectReference: {fileID: 0}
    - target: {fileID: 6840777862040940439, guid: cf0b410b6ef7da24c9dcc52a2a65ebf8,
        type: 3}
      propertyPath: m_LocalRotation.w
      value: 0.9968473
      objectReference: {fileID: 0}
    - target: {fileID: 6840777862040940439, guid: cf0b410b6ef7da24c9dcc52a2a65ebf8,
        type: 3}
      propertyPath: m_LocalPosition.x
      value: 0.0040780567
      objectReference: {fileID: 0}
    - target: {fileID: 6840777862040940439, guid: cf0b410b6ef7da24c9dcc52a2a65ebf8,
        type: 3}
      propertyPath: m_LocalPosition.y
      value: 0.016028404
      objectReference: {fileID: 0}
    - target: {fileID: 6840777862040940439, guid: cf0b410b6ef7da24c9dcc52a2a65ebf8,
        type: 3}
      propertyPath: m_LocalPosition.z
      value: -0.25971574
      objectReference: {fileID: 0}
    - target: {fileID: 6840777862040940439, guid: cf0b410b6ef7da24c9dcc52a2a65ebf8,
        type: 3}
      propertyPath: m_LocalEulerAnglesHint.x
      value: 9.028001
      objectReference: {fileID: 0}
    - target: {fileID: 6840777862040940439, guid: cf0b410b6ef7da24c9dcc52a2a65ebf8,
        type: 3}
      propertyPath: m_LocalEulerAnglesHint.y
      value: 1.1400001
      objectReference: {fileID: 0}
    - target: {fileID: 6840777862040940439, guid: cf0b410b6ef7da24c9dcc52a2a65ebf8,
        type: 3}
      propertyPath: m_LocalEulerAnglesHint.z
      value: 0.30100003
      objectReference: {fileID: 0}
    - target: {fileID: -6057140222963153312, guid: cf0b410b6ef7da24c9dcc52a2a65ebf8,
        type: 3}
      propertyPath: m_UpdateMode
      value: 1
      objectReference: {fileID: 0}
    - target: {fileID: 7184905184183008116, guid: cf0b410b6ef7da24c9dcc52a2a65ebf8,
        type: 3}
      propertyPath: m_LocalPosition.y
      value: -0.669
      objectReference: {fileID: 0}
    m_RemovedComponents: []
  m_SourcePrefab: {fileID: 100100000, guid: cf0b410b6ef7da24c9dcc52a2a65ebf8, type: 3}
--- !u!1 &1121441368
GameObject:
  m_ObjectHideFlags: 0
  m_CorrespondingSourceObject: {fileID: 0}
  m_PrefabInstance: {fileID: 0}
  m_PrefabAsset: {fileID: 0}
  serializedVersion: 6
  m_Component:
  - component: {fileID: 1121441370}
  - component: {fileID: 1121441369}
  m_Layer: 0
  m_Name: GameObject
  m_TagString: Untagged
  m_Icon: {fileID: 0}
  m_NavMeshLayer: 0
  m_StaticEditorFlags: 0
  m_IsActive: 1
--- !u!114 &1121441369
MonoBehaviour:
  m_ObjectHideFlags: 0
  m_CorrespondingSourceObject: {fileID: 0}
  m_PrefabInstance: {fileID: 0}
  m_PrefabAsset: {fileID: 0}
  m_GameObject: {fileID: 1121441368}
  m_Enabled: 1
  m_EditorHideFlags: 0
  m_Script: {fileID: 11500000, guid: 8fa94ea38449ff348953e70473f288ab, type: 3}
  m_Name: 
  m_EditorClassIdentifier: 
  AdalinaSource: {fileID: 1929987893}
  AudioClip: {fileID: 0}
  textField: {fileID: 2133252201}
  ConversationText: {fileID: 1715357155}
--- !u!4 &1121441370
Transform:
  m_ObjectHideFlags: 0
  m_CorrespondingSourceObject: {fileID: 0}
  m_PrefabInstance: {fileID: 0}
  m_PrefabAsset: {fileID: 0}
  m_GameObject: {fileID: 1121441368}
  m_LocalRotation: {x: 0, y: 0, z: 0, w: 1}
  m_LocalPosition: {x: 1.9240334, y: 3.693742, z: -4.3800287}
  m_LocalScale: {x: 1, y: 1, z: 1}
  m_Children: []
  m_Father: {fileID: 0}
  m_RootOrder: 11
  m_LocalEulerAnglesHint: {x: 0, y: 0, z: 0}
--- !u!137 &1160444689 stripped
SkinnedMeshRenderer:
  m_CorrespondingSourceObject: {fileID: 5534548020338364846, guid: cf0b410b6ef7da24c9dcc52a2a65ebf8,
    type: 3}
  m_PrefabInstance: {fileID: 1108760621}
  m_PrefabAsset: {fileID: 0}
--- !u!4 &1196050679 stripped
Transform:
  m_CorrespondingSourceObject: {fileID: -7034953958651670295, guid: cf0b410b6ef7da24c9dcc52a2a65ebf8,
    type: 3}
  m_PrefabInstance: {fileID: 1108760621}
  m_PrefabAsset: {fileID: 0}
--- !u!1 &1288028997
GameObject:
  m_ObjectHideFlags: 0
  m_CorrespondingSourceObject: {fileID: 0}
  m_PrefabInstance: {fileID: 0}
  m_PrefabAsset: {fileID: 0}
  serializedVersion: 6
  m_Component:
  - component: {fileID: 1288028999}
  - component: {fileID: 1288028998}
  m_Layer: 0
  m_Name: right-Light
  m_TagString: Untagged
  m_Icon: {fileID: 0}
  m_NavMeshLayer: 0
  m_StaticEditorFlags: 0
  m_IsActive: 1
--- !u!108 &1288028998
Light:
  m_ObjectHideFlags: 0
  m_CorrespondingSourceObject: {fileID: 0}
  m_PrefabInstance: {fileID: 0}
  m_PrefabAsset: {fileID: 0}
  m_GameObject: {fileID: 1288028997}
  m_Enabled: 1
  serializedVersion: 9
  m_Type: 1
  m_Color: {r: 0.8207547, g: 0.8207547, b: 0.8207547, a: 1}
  m_Intensity: 0.25
  m_Range: 10
  m_SpotAngle: 21
  m_InnerSpotAngle: 7
  m_CookieSize: 10
  m_Shadows:
    m_Type: 2
    m_Resolution: -1
    m_CustomResolution: -1
    m_Strength: 1
    m_Bias: 0
    m_NormalBias: 0.4
    m_NearPlane: 0.2
    m_CullingMatrixOverride:
      e00: 1
      e01: 0
      e02: 0
      e03: 0
      e10: 0
      e11: 1
      e12: 0
      e13: 0
      e20: 0
      e21: 0
      e22: 1
      e23: 0
      e30: 0
      e31: 0
      e32: 0
      e33: 1
    m_UseCullingMatrixOverride: 0
  m_Cookie: {fileID: 0}
  m_DrawHalo: 0
  m_Flare: {fileID: 0}
  m_RenderMode: 0
  m_CullingMask:
    serializedVersion: 2
    m_Bits: 4294967295
  m_RenderingLayerMask: 1
  m_Lightmapping: 4
  m_LightShadowCasterMode: 0
  m_AreaSize: {x: 1, y: 1}
  m_BounceIntensity: 1
  m_ColorTemperature: 6570
  m_UseColorTemperature: 0
  m_BoundingSphereOverride: {x: 0, y: 0, z: 0, w: 0}
  m_UseBoundingSphereOverride: 0
  m_ShadowRadius: 0
  m_ShadowAngle: 0
--- !u!4 &1288028999
Transform:
  m_ObjectHideFlags: 0
  m_CorrespondingSourceObject: {fileID: 0}
  m_PrefabInstance: {fileID: 0}
  m_PrefabAsset: {fileID: 0}
  m_GameObject: {fileID: 1288028997}
  m_LocalRotation: {x: 0.21673016, y: -0.36922285, z: 0.11825406, w: 0.89594567}
  m_LocalPosition: {x: 12.97, y: 10.15, z: -19.3}
  m_LocalScale: {x: 1, y: 1, z: 1}
  m_Children: []
  m_Father: {fileID: 0}
  m_RootOrder: 5
  m_LocalEulerAnglesHint: {x: 151.596, y: 136.062, z: 183.38}
--- !u!1 &1392645796
GameObject:
  m_ObjectHideFlags: 0
  m_CorrespondingSourceObject: {fileID: 0}
  m_PrefabInstance: {fileID: 0}
  m_PrefabAsset: {fileID: 0}
  serializedVersion: 6
  m_Component:
  - component: {fileID: 1392645798}
  - component: {fileID: 1392645797}
  m_Layer: 0
  m_Name: location-light (1)
  m_TagString: Untagged
  m_Icon: {fileID: 0}
  m_NavMeshLayer: 0
  m_StaticEditorFlags: 0
  m_IsActive: 1
--- !u!108 &1392645797
Light:
  m_ObjectHideFlags: 0
  m_CorrespondingSourceObject: {fileID: 0}
  m_PrefabInstance: {fileID: 0}
  m_PrefabAsset: {fileID: 0}
  m_GameObject: {fileID: 1392645796}
  m_Enabled: 1
  serializedVersion: 9
  m_Type: 2
  m_Color: {r: 1, g: 1, b: 1, a: 1}
  m_Intensity: 2
  m_Range: 10
  m_SpotAngle: 30
  m_InnerSpotAngle: 21.80208
  m_CookieSize: 10
  m_Shadows:
    m_Type: 0
    m_Resolution: -1
    m_CustomResolution: -1
    m_Strength: 1
    m_Bias: 0.05
    m_NormalBias: 0.4
    m_NearPlane: 0.2
    m_CullingMatrixOverride:
      e00: 1
      e01: 0
      e02: 0
      e03: 0
      e10: 0
      e11: 1
      e12: 0
      e13: 0
      e20: 0
      e21: 0
      e22: 1
      e23: 0
      e30: 0
      e31: 0
      e32: 0
      e33: 1
    m_UseCullingMatrixOverride: 0
  m_Cookie: {fileID: 0}
  m_DrawHalo: 0
  m_Flare: {fileID: 0}
  m_RenderMode: 0
  m_CullingMask:
    serializedVersion: 2
    m_Bits: 4294967295
  m_RenderingLayerMask: 1
  m_Lightmapping: 4
  m_LightShadowCasterMode: 0
  m_AreaSize: {x: 1, y: 1}
  m_BounceIntensity: 1
  m_ColorTemperature: 6570
  m_UseColorTemperature: 0
  m_BoundingSphereOverride: {x: 0, y: 0, z: 0, w: 0}
  m_UseBoundingSphereOverride: 0
  m_ShadowRadius: 0
  m_ShadowAngle: 0
--- !u!4 &1392645798
Transform:
  m_ObjectHideFlags: 0
  m_CorrespondingSourceObject: {fileID: 0}
  m_PrefabInstance: {fileID: 0}
  m_PrefabAsset: {fileID: 0}
  m_GameObject: {fileID: 1392645796}
  m_LocalRotation: {x: 0, y: 0, z: 0, w: 1}
  m_LocalPosition: {x: 2.708, y: 2.834, z: -14.2}
  m_LocalScale: {x: 1, y: 1, z: 1}
  m_Children: []
  m_Father: {fileID: 0}
  m_RootOrder: 10
  m_LocalEulerAnglesHint: {x: 0, y: 0, z: 0}
--- !u!1 &1398063983
GameObject:
  m_ObjectHideFlags: 0
  m_CorrespondingSourceObject: {fileID: 0}
  m_PrefabInstance: {fileID: 0}
  m_PrefabAsset: {fileID: 0}
  serializedVersion: 6
  m_Component:
  - component: {fileID: 1398063987}
  - component: {fileID: 1398063986}
  - component: {fileID: 1398063985}
  - component: {fileID: 1398063984}
  m_Layer: 5
  m_Name: Canvas
  m_TagString: Untagged
  m_Icon: {fileID: 0}
  m_NavMeshLayer: 0
  m_StaticEditorFlags: 0
  m_IsActive: 1
--- !u!114 &1398063984
MonoBehaviour:
  m_ObjectHideFlags: 0
  m_CorrespondingSourceObject: {fileID: 0}
  m_PrefabInstance: {fileID: 0}
  m_PrefabAsset: {fileID: 0}
  m_GameObject: {fileID: 1398063983}
  m_Enabled: 1
  m_EditorHideFlags: 0
  m_Script: {fileID: 11500000, guid: dc42784cf147c0c48a680349fa168899, type: 3}
  m_Name: 
  m_EditorClassIdentifier: 
  m_IgnoreReversedGraphics: 1
  m_BlockingObjects: 0
  m_BlockingMask:
    serializedVersion: 2
    m_Bits: 4294967295
--- !u!114 &1398063985
MonoBehaviour:
  m_ObjectHideFlags: 0
  m_CorrespondingSourceObject: {fileID: 0}
  m_PrefabInstance: {fileID: 0}
  m_PrefabAsset: {fileID: 0}
  m_GameObject: {fileID: 1398063983}
  m_Enabled: 1
  m_EditorHideFlags: 0
  m_Script: {fileID: 11500000, guid: 0cd44c1031e13a943bb63640046fad76, type: 3}
  m_Name: 
  m_EditorClassIdentifier: 
  m_UiScaleMode: 0
  m_ReferencePixelsPerUnit: 100
  m_ScaleFactor: 1
  m_ReferenceResolution: {x: 800, y: 600}
  m_ScreenMatchMode: 0
  m_MatchWidthOrHeight: 0
  m_PhysicalUnit: 3
  m_FallbackScreenDPI: 96
  m_DefaultSpriteDPI: 96
  m_DynamicPixelsPerUnit: 1
--- !u!223 &1398063986
Canvas:
  m_ObjectHideFlags: 0
  m_CorrespondingSourceObject: {fileID: 0}
  m_PrefabInstance: {fileID: 0}
  m_PrefabAsset: {fileID: 0}
  m_GameObject: {fileID: 1398063983}
  m_Enabled: 1
  serializedVersion: 3
  m_RenderMode: 0
  m_Camera: {fileID: 0}
  m_PlaneDistance: 100
  m_PixelPerfect: 0
  m_ReceivesEvents: 1
  m_OverrideSorting: 0
  m_OverridePixelPerfect: 0
  m_SortingBucketNormalizedSize: 0
  m_AdditionalShaderChannelsFlag: 0
  m_SortingLayerID: 0
  m_SortingOrder: 0
  m_TargetDisplay: 0
--- !u!224 &1398063987
RectTransform:
  m_ObjectHideFlags: 0
  m_CorrespondingSourceObject: {fileID: 0}
  m_PrefabInstance: {fileID: 0}
  m_PrefabAsset: {fileID: 0}
  m_GameObject: {fileID: 1398063983}
  m_LocalRotation: {x: 0, y: 0, z: 0, w: 1}
  m_LocalPosition: {x: 0, y: 0, z: 0}
  m_LocalScale: {x: 0, y: 0, z: 0}
  m_Children:
  - {fileID: 2134884270}
  m_Father: {fileID: 0}
  m_RootOrder: 8
  m_LocalEulerAnglesHint: {x: 0, y: 0, z: 0}
  m_AnchorMin: {x: 0, y: 0}
  m_AnchorMax: {x: 0, y: 0}
  m_AnchoredPosition: {x: 0, y: 0}
  m_SizeDelta: {x: 0, y: 0}
  m_Pivot: {x: 0, y: 0}
--- !u!1 &1457026312
GameObject:
  m_ObjectHideFlags: 0
  m_CorrespondingSourceObject: {fileID: 0}
  m_PrefabInstance: {fileID: 0}
  m_PrefabAsset: {fileID: 0}
  serializedVersion: 6
  m_Component:
  - component: {fileID: 1457026314}
  - component: {fileID: 1457026313}
  m_Layer: 0
  m_Name: RandomEyes3D_Eye_Position
  m_TagString: Untagged
  m_Icon: {fileID: 0}
  m_NavMeshLayer: 0
  m_StaticEditorFlags: 0
  m_IsActive: 1
--- !u!114 &1457026313
MonoBehaviour:
  m_ObjectHideFlags: 0
  m_CorrespondingSourceObject: {fileID: 0}
  m_PrefabInstance: {fileID: 0}
  m_PrefabAsset: {fileID: 0}
  m_GameObject: {fileID: 1457026312}
  m_Enabled: 1
  m_EditorHideFlags: 0
  m_Script: {fileID: -818653955, guid: 7a255d2e87aae364fbd819c455094253, type: 3}
  m_Name: 
  m_EditorClassIdentifier: 
  showGizmo: 1
--- !u!4 &1457026314
Transform:
  m_ObjectHideFlags: 0
  m_CorrespondingSourceObject: {fileID: 0}
  m_PrefabInstance: {fileID: 0}
  m_PrefabAsset: {fileID: 0}
  m_GameObject: {fileID: 1457026312}
  m_LocalRotation: {x: -0.009126436, y: -0.99345344, z: 0.078217156, w: 0.082758665}
  m_LocalPosition: {x: 0.00000030102387, y: 0.06069463, z: 0.08083041}
  m_LocalScale: {x: 1.0000002, y: 1, z: 1.0000002}
  m_Children: []
  m_Father: {fileID: 1196050679}
  m_RootOrder: 7
  m_LocalEulerAnglesHint: {x: 0, y: 0, z: 0}
--- !u!1 &1464292696
GameObject:
  m_ObjectHideFlags: 0
  m_CorrespondingSourceObject: {fileID: 0}
  m_PrefabInstance: {fileID: 0}
  m_PrefabAsset: {fileID: 0}
  serializedVersion: 6
  m_Component:
  - component: {fileID: 1464292698}
  - component: {fileID: 1464292697}
  m_Layer: 0
  m_Name: RandomEyes3D_Eye_Position
  m_TagString: Untagged
  m_Icon: {fileID: 0}
  m_NavMeshLayer: 0
  m_StaticEditorFlags: 0
  m_IsActive: 1
--- !u!114 &1464292697
MonoBehaviour:
  m_ObjectHideFlags: 0
  m_CorrespondingSourceObject: {fileID: 0}
  m_PrefabInstance: {fileID: 0}
  m_PrefabAsset: {fileID: 0}
  m_GameObject: {fileID: 1464292696}
  m_Enabled: 1
  m_EditorHideFlags: 0
  m_Script: {fileID: -818653955, guid: 7a255d2e87aae364fbd819c455094253, type: 3}
  m_Name: 
  m_EditorClassIdentifier: 
  showGizmo: 1
--- !u!4 &1464292698
Transform:
  m_ObjectHideFlags: 0
  m_CorrespondingSourceObject: {fileID: 0}
  m_PrefabInstance: {fileID: 0}
  m_PrefabAsset: {fileID: 0}
  m_GameObject: {fileID: 1464292696}
  m_LocalRotation: {x: -0.020416351, y: -0.98971796, z: 0.032368056, w: 0.13781852}
  m_LocalPosition: {x: 0.0000006671762, y: 0.060620546, z: 0.08041558}
  m_LocalScale: {x: 1.0000002, y: 1, z: 1.0000002}
  m_Children: []
  m_Father: {fileID: 1628882828}
  m_RootOrder: 8
  m_LocalEulerAnglesHint: {x: 0, y: 0, z: 0}
--- !u!4 &1628882828 stripped
Transform:
  m_CorrespondingSourceObject: {fileID: -6081470830831867213, guid: 387da167916cc564282fb9b318727cfe,
    type: 3}
  m_PrefabInstance: {fileID: 1936614807}
  m_PrefabAsset: {fileID: 0}
--- !u!1 &1715357153
GameObject:
  m_ObjectHideFlags: 0
  m_CorrespondingSourceObject: {fileID: 0}
  m_PrefabInstance: {fileID: 0}
  m_PrefabAsset: {fileID: 0}
  serializedVersion: 6
  m_Component:
  - component: {fileID: 1715357154}
  - component: {fileID: 1715357156}
  - component: {fileID: 1715357155}
  m_Layer: 5
  m_Name: ConversationHistory
  m_TagString: Untagged
  m_Icon: {fileID: 0}
  m_NavMeshLayer: 0
  m_StaticEditorFlags: 0
  m_IsActive: 1
--- !u!224 &1715357154
RectTransform:
  m_ObjectHideFlags: 0
  m_CorrespondingSourceObject: {fileID: 0}
  m_PrefabInstance: {fileID: 0}
  m_PrefabAsset: {fileID: 0}
  m_GameObject: {fileID: 1715357153}
  m_LocalRotation: {x: -0, y: -0, z: -0, w: 1}
  m_LocalPosition: {x: 0, y: 0, z: -2}
  m_LocalScale: {x: 1, y: 1, z: 1}
  m_Children: []
  m_Father: {fileID: 2134884270}
  m_RootOrder: 0
  m_LocalEulerAnglesHint: {x: 0, y: 0, z: 0}
  m_AnchorMin: {x: 0, y: 1}
  m_AnchorMax: {x: 0, y: 1}
  m_AnchoredPosition: {x: 545.5, y: -132}
  m_SizeDelta: {x: 1000, y: 200}
  m_Pivot: {x: 0.5, y: 0.5}
--- !u!114 &1715357155
MonoBehaviour:
  m_ObjectHideFlags: 0
  m_CorrespondingSourceObject: {fileID: 0}
  m_PrefabInstance: {fileID: 0}
  m_PrefabAsset: {fileID: 0}
  m_GameObject: {fileID: 1715357153}
  m_Enabled: 1
  m_EditorHideFlags: 0
  m_Script: {fileID: 11500000, guid: 5f7201a12d95ffc409449d95f23cf332, type: 3}
  m_Name: 
  m_EditorClassIdentifier: 
  m_Material: {fileID: 0}
  m_Color: {r: 0.084905684, g: 0.084905684, b: 0.084905684, a: 1}
  m_RaycastTarget: 1
  m_OnCullStateChanged:
    m_PersistentCalls:
      m_Calls: []
  m_FontData:
    m_Font: {fileID: 10102, guid: 0000000000000000e000000000000000, type: 0}
    m_FontSize: 14
    m_FontStyle: 0
    m_BestFit: 0
    m_MinSize: 10
    m_MaxSize: 40
    m_Alignment: 6
    m_AlignByGeometry: 0
    m_RichText: 1
    m_HorizontalOverflow: 0
    m_VerticalOverflow: 0
    m_LineSpacing: 1
  m_Text: "CONVERSACI\xD3N"
--- !u!222 &1715357156
CanvasRenderer:
  m_ObjectHideFlags: 0
  m_CorrespondingSourceObject: {fileID: 0}
  m_PrefabInstance: {fileID: 0}
  m_PrefabAsset: {fileID: 0}
  m_GameObject: {fileID: 1715357153}
  m_CullTransparentMesh: 0
--- !u!137 &1725972230 stripped
SkinnedMeshRenderer:
  m_CorrespondingSourceObject: {fileID: 5534548020338364846, guid: 387da167916cc564282fb9b318727cfe,
    type: 3}
  m_PrefabInstance: {fileID: 1936614807}
  m_PrefabAsset: {fileID: 0}
--- !u!1 &1929987891 stripped
GameObject:
  m_CorrespondingSourceObject: {fileID: -927199367670048503, guid: 387da167916cc564282fb9b318727cfe,
    type: 3}
  m_PrefabInstance: {fileID: 1936614807}
  m_PrefabAsset: {fileID: 0}
--- !u!114 &1929987892
MonoBehaviour:
  m_ObjectHideFlags: 0
  m_CorrespondingSourceObject: {fileID: 0}
  m_PrefabInstance: {fileID: 0}
  m_PrefabAsset: {fileID: 0}
  m_GameObject: {fileID: 1929987891}
  m_Enabled: 1
  m_EditorHideFlags: 0
  m_Script: {fileID: 1624661579, guid: 7a255d2e87aae364fbd819c455094253, type: 3}
  m_Name: 
  m_EditorClassIdentifier: 
  salsa3D: {fileID: 0}
  skinnedMeshRenderer: {fileID: 1725972230}
  prevSkinnedMeshRenderer: {fileID: 1725972230}
  getSkndMshRndr: 0
  blendShapes:
  - Genesis8Female__eCTRLvW
  - Genesis8Female__eCTRLvUW
  - Genesis8Female__eCTRLvTH
  - Genesis8Female__eCTRLvT
  - Genesis8Female__eCTRLvSH
  - Genesis8Female__eCTRLvS
  - Genesis8Female__eCTRLvOW
  - Genesis8Female__eCTRLvM
  - Genesis8Female__eCTRLvL
  - Genesis8Female__eCTRLvK
  - Genesis8Female__eCTRLvIY
  - Genesis8Female__eCTRLvIH
  - Genesis8Female__eCTRLvF
  - Genesis8Female__eCTRLvER
  - Genesis8Female__eCTRLvEH
  - Genesis8Female__eCTRLvEE
  - Genesis8Female__eCTRLvAA
  - Genesis8Female__eCTRLMouthSmileSimpleR
  - Genesis8Female__eCTRLMouthSmileSimpleL
  - Genesis8Female__eCTRLMouthSmileSimple
  - Genesis8Female__eCTRLMouthSmileOpen
  - Genesis8Female__eCTRLMouthSmile
  - Genesis8Female__eCTRLEyesSquint-WidenR
  - Genesis8Female__eCTRLEyesSquint-WidenL
  - Genesis8Female__eCTRLEyesSquint-Widen
  - Genesis8Female__eCTRLEyesSideSide
  - Genesis8Female__eCTRLEyesClosedR
  - Genesis8Female__eCTRLEyesClosedL
  - Genesis8Female__eCTRLEyesClosed
  - head__eCTRLvW
  - head__eCTRLvUW
  - head__eCTRLvTH
  - head__eCTRLvT
  - head__eCTRLvSH
  - head__eCTRLvS
  - head__eCTRLvOW
  - head__eCTRLvM
  - head__eCTRLvL
  - head__eCTRLvK
  - head__eCTRLvIY
  - head__eCTRLvIH
  - head__eCTRLvF
  - head__eCTRLvER
  - head__eCTRLvEH
  - head__eCTRLvEE
  - head__eCTRLvAA
  - head__eCTRLMouthSmileSimpleR
  - head__eCTRLMouthSmileSimpleL
  - head__eCTRLMouthSmileSimple
  - head__eCTRLMouthSmileOpen
  - head__eCTRLMouthSmile
  - head__eCTRLEyesSquint-WidenR
  - head__eCTRLEyesSquint-WidenL
  - head__eCTRLEyesSquint-Widen
  - head__eCTRLEyesSideSide
  - head__eCTRLEyesClosedR
  - head__eCTRLEyesClosedL
  - head__eCTRLEyesClosed
  lookUpIndex: 24
  lookDownIndex: 21
  lookLeftIndex: 25
  lookRightIndex: 25
  blinkIndex: 28
  lookRandPosition: {x: 0, y: 0, z: 0}
  lookAmount:
    lookUp: 0
    lookDown: 0
    lookLeft: 0
    lookRight: 0
    blink: 0
  randomEyes: 1
  maxRandomInterval: 3
  blendSpeed: 30.5
  rangeOfMotion: 80
  blinkDuration: 0.02
  blinkSpeed: 70.9
  openMax: 5
  closeMax: 100
  eyePosition: {fileID: 1464292696}
  eyePosVerify: {fileID: 1464292696}
  lookTarget: {fileID: 503891664}
  lookTargetTracking: {fileID: 0}
  targetAffinity: 1
  targetAffinityPercentage: 0.345
  invertTracking: 0
  trackBehind: 1
  randomBlink: 1
  maxBlinkInterval: 5
  broadcastNeeded: 0
  broadcastCS: 0
  broadcastCSReceiversCount: 0
  prevBroadcastCSReceiversCount: 0
  expandBroadcastCS: 0
  broadcastCSReceivers: []
  propagateToChildrenCS: 0
  selectedCustomShape: 0
  noneShapeIndex: 0
  excludeEyeShapes: 1
  dynamicCustomShapes: []
  customShapeCount: 0
  expandCustomShapes: 0
  customShapes: []
  randomCustomShapes: 1
  maxCustomShapeInterval: 3
  randomCSBlendSpeedMin: 0.75
  randomCSBlendSpeedMax: 2
  randomCSRangeOfMotionMin: 10
  randomCSRangeOfMotionMax: 40
  randomCSDurationMin: 0.25
  randomCSDurationMax: 2.5
  csNotRandomToggle: 0
  useCustomShapesOnly: 0
  showEyeShapes: 1
  showTracking: 1
  showEyeProps: 1
  showCustom: 1
  showBroadcast: 1
  showBroadcastCS: 1
  expandShapeGroups: 0
  groups: []
  shapeGroupCount: 0
--- !u!82 &1929987893
AudioSource:
  m_ObjectHideFlags: 0
  m_CorrespondingSourceObject: {fileID: 0}
  m_PrefabInstance: {fileID: 0}
  m_PrefabAsset: {fileID: 0}
  m_GameObject: {fileID: 1929987891}
  m_Enabled: 1
  serializedVersion: 4
  OutputAudioMixerGroup: {fileID: 0}
  m_audioClip: {fileID: 0}
  m_PlayOnAwake: 1
  m_Volume: 1
  m_Pitch: 1
  Loop: 0
  Mute: 0
  Spatialize: 0
  SpatializePostEffects: 0
  Priority: 128
  DopplerLevel: 1
  MinDistance: 1
  MaxDistance: 500
  Pan2D: 0
  rolloffMode: 0
  BypassEffects: 0
  BypassListenerEffects: 0
  BypassReverbZones: 0
  rolloffCustomCurve:
    serializedVersion: 2
    m_Curve:
    - serializedVersion: 3
      time: 0
      value: 1
      inSlope: 0
      outSlope: 0
      tangentMode: 0
      weightedMode: 0
      inWeight: 0.33333334
      outWeight: 0.33333334
    - serializedVersion: 3
      time: 1
      value: 0
      inSlope: 0
      outSlope: 0
      tangentMode: 0
      weightedMode: 0
      inWeight: 0.33333334
      outWeight: 0.33333334
    m_PreInfinity: 2
    m_PostInfinity: 2
    m_RotationOrder: 4
  panLevelCustomCurve:
    serializedVersion: 2
    m_Curve:
    - serializedVersion: 3
      time: 0
      value: 0
      inSlope: 0
      outSlope: 0
      tangentMode: 0
      weightedMode: 0
      inWeight: 0.33333334
      outWeight: 0.33333334
    m_PreInfinity: 2
    m_PostInfinity: 2
    m_RotationOrder: 4
  spreadCustomCurve:
    serializedVersion: 2
    m_Curve:
    - serializedVersion: 3
      time: 0
      value: 0
      inSlope: 0
      outSlope: 0
      tangentMode: 0
      weightedMode: 0
      inWeight: 0.33333334
      outWeight: 0.33333334
    m_PreInfinity: 2
    m_PostInfinity: 2
    m_RotationOrder: 4
  reverbZoneMixCustomCurve:
    serializedVersion: 2
    m_Curve:
    - serializedVersion: 3
      time: 0
      value: 1
      inSlope: 0
      outSlope: 0
      tangentMode: 0
      weightedMode: 0
      inWeight: 0.33333334
      outWeight: 0.33333334
    m_PreInfinity: 2
    m_PostInfinity: 2
    m_RotationOrder: 4
--- !u!114 &1929987894
MonoBehaviour:
  m_ObjectHideFlags: 0
  m_CorrespondingSourceObject: {fileID: 0}
  m_PrefabInstance: {fileID: 0}
  m_PrefabAsset: {fileID: 0}
  m_GameObject: {fileID: 1929987891}
  m_Enabled: 1
  m_EditorHideFlags: 0
  m_Script: {fileID: 1976067524, guid: 7a255d2e87aae364fbd819c455094253, type: 3}
  m_Name: 
  m_EditorClassIdentifier: 
  skinnedMeshRenderer: {fileID: 1725972230}
  prevSkinnedMeshRenderer: {fileID: 1725972230}
  getSkndMshRndr: 0
  audioSrc: {fileID: 1929987893}
  audioClip: {fileID: 0}
  blendShapes:
  - Genesis8Female__eCTRLvW
  - Genesis8Female__eCTRLvUW
  - Genesis8Female__eCTRLvTH
  - Genesis8Female__eCTRLvT
  - Genesis8Female__eCTRLvSH
  - Genesis8Female__eCTRLvS
  - Genesis8Female__eCTRLvOW
  - Genesis8Female__eCTRLvM
  - Genesis8Female__eCTRLvL
  - Genesis8Female__eCTRLvK
  - Genesis8Female__eCTRLvIY
  - Genesis8Female__eCTRLvIH
  - Genesis8Female__eCTRLvF
  - Genesis8Female__eCTRLvER
  - Genesis8Female__eCTRLvEH
  - Genesis8Female__eCTRLvEE
  - Genesis8Female__eCTRLvAA
  - Genesis8Female__eCTRLMouthSmileSimpleR
  - Genesis8Female__eCTRLMouthSmileSimpleL
  - Genesis8Female__eCTRLMouthSmileSimple
  - Genesis8Female__eCTRLMouthSmileOpen
  - Genesis8Female__eCTRLMouthSmile
  - Genesis8Female__eCTRLEyesSquint-WidenR
  - Genesis8Female__eCTRLEyesSquint-WidenL
  - Genesis8Female__eCTRLEyesSquint-Widen
  - Genesis8Female__eCTRLEyesSideSide
  - Genesis8Female__eCTRLEyesClosedR
  - Genesis8Female__eCTRLEyesClosedL
  - Genesis8Female__eCTRLEyesClosed
  - head__eCTRLvW
  - head__eCTRLvUW
  - head__eCTRLvTH
  - head__eCTRLvT
  - head__eCTRLvSH
  - head__eCTRLvS
  - head__eCTRLvOW
  - head__eCTRLvM
  - head__eCTRLvL
  - head__eCTRLvK
  - head__eCTRLvIY
  - head__eCTRLvIH
  - head__eCTRLvF
  - head__eCTRLvER
  - head__eCTRLvEH
  - head__eCTRLvEE
  - head__eCTRLvAA
  - head__eCTRLMouthSmileSimpleR
  - head__eCTRLMouthSmileSimpleL
  - head__eCTRLMouthSmileSimple
  - head__eCTRLMouthSmileOpen
  - head__eCTRLMouthSmile
  - head__eCTRLEyesSquint-WidenR
  - head__eCTRLEyesSquint-WidenL
  - head__eCTRLEyesSquint-Widen
  - head__eCTRLEyesSideSide
  - head__eCTRLEyesClosedR
  - head__eCTRLEyesClosedL
  - head__eCTRLEyesClosed
  saySmallIndex: 5
  sayMediumIndex: 1
  sayLargeIndex: 16
  saySmallTrigger: 0.0013
  sayMediumTrigger: 0.0023
  sayLargeTrigger: 0.0033
  audioUpdateDelay: 0.05
  blendSpeed: 50
  rangeOfMotion: 100
  isTalking: 0
  prevIsTalking: 0
  lockShapes: 0
  broadcast: 0
  broadcastReceiversCount: 0
  expandBroadcast: 0
  broadcastReceivers: []
  propagateToChildren: 0
  average: 0
  say: 
  sayIndex: 0
  sayAmount:
    saySmall: 0
    sayMedium: 0
    sayLarge: 0
  prevAudioUpdateDelay: 0
--- !u!1001 &1936614807
PrefabInstance:
  m_ObjectHideFlags: 0
  serializedVersion: 2
  m_Modification:
    m_TransformParent: {fileID: 0}
    m_Modifications:
    - target: {fileID: -927199367670048503, guid: 387da167916cc564282fb9b318727cfe,
        type: 3}
      propertyPath: m_Name
      value: adalina-v1
      objectReference: {fileID: 0}
    - target: {fileID: -4216859302048453862, guid: 387da167916cc564282fb9b318727cfe,
        type: 3}
      propertyPath: m_LocalPosition.x
      value: 5.39
      objectReference: {fileID: 0}
    - target: {fileID: -4216859302048453862, guid: 387da167916cc564282fb9b318727cfe,
        type: 3}
      propertyPath: m_LocalPosition.y
      value: 3.85
      objectReference: {fileID: 0}
    - target: {fileID: -4216859302048453862, guid: 387da167916cc564282fb9b318727cfe,
        type: 3}
      propertyPath: m_LocalPosition.z
      value: -11.89
      objectReference: {fileID: 0}
    - target: {fileID: -4216859302048453862, guid: 387da167916cc564282fb9b318727cfe,
        type: 3}
      propertyPath: m_LocalRotation.x
      value: -0
      objectReference: {fileID: 0}
    - target: {fileID: -4216859302048453862, guid: 387da167916cc564282fb9b318727cfe,
        type: 3}
      propertyPath: m_LocalRotation.y
      value: 0.99173146
      objectReference: {fileID: 0}
    - target: {fileID: -4216859302048453862, guid: 387da167916cc564282fb9b318727cfe,
        type: 3}
      propertyPath: m_LocalRotation.z
      value: -0
      objectReference: {fileID: 0}
    - target: {fileID: -4216859302048453862, guid: 387da167916cc564282fb9b318727cfe,
        type: 3}
      propertyPath: m_LocalRotation.w
      value: 0.1283305
      objectReference: {fileID: 0}
    - target: {fileID: -4216859302048453862, guid: 387da167916cc564282fb9b318727cfe,
        type: 3}
      propertyPath: m_RootOrder
      value: 1
      objectReference: {fileID: 0}
    - target: {fileID: -4216859302048453862, guid: 387da167916cc564282fb9b318727cfe,
        type: 3}
      propertyPath: m_LocalEulerAnglesHint.x
      value: 0
      objectReference: {fileID: 0}
    - target: {fileID: -4216859302048453862, guid: 387da167916cc564282fb9b318727cfe,
        type: 3}
      propertyPath: m_LocalEulerAnglesHint.y
      value: 165.25401
      objectReference: {fileID: 0}
    - target: {fileID: -4216859302048453862, guid: 387da167916cc564282fb9b318727cfe,
        type: 3}
      propertyPath: m_LocalEulerAnglesHint.z
      value: 0
      objectReference: {fileID: 0}
    - target: {fileID: -4354960418237595602, guid: 387da167916cc564282fb9b318727cfe,
        type: 3}
      propertyPath: m_Name
      value: Genesis8Female-Adalina.Shape
      objectReference: {fileID: 0}
    - target: {fileID: 2775584029720232991, guid: 387da167916cc564282fb9b318727cfe,
        type: 3}
      propertyPath: m_Materials.Array.data[0]
      value: 
      objectReference: {fileID: 2100000, guid: fa9c16f11996d104382e429576339f10, type: 2}
    - target: {fileID: 3379653173881419339, guid: 387da167916cc564282fb9b318727cfe,
        type: 3}
      propertyPath: m_LocalRotation.x
      value: 0.169587
      objectReference: {fileID: 0}
    - target: {fileID: 3379653173881419339, guid: 387da167916cc564282fb9b318727cfe,
        type: 3}
      propertyPath: m_LocalRotation.y
      value: 0.018785259
      objectReference: {fileID: 0}
    - target: {fileID: 3379653173881419339, guid: 387da167916cc564282fb9b318727cfe,
        type: 3}
      propertyPath: m_LocalRotation.z
      value: 0.022796348
      objectReference: {fileID: 0}
    - target: {fileID: 3379653173881419339, guid: 387da167916cc564282fb9b318727cfe,
        type: 3}
      propertyPath: m_LocalRotation.w
      value: 0.98507243
      objectReference: {fileID: 0}
    - target: {fileID: 3379653173881419339, guid: 387da167916cc564282fb9b318727cfe,
        type: 3}
      propertyPath: m_LocalPosition.x
      value: -0.005791586
      objectReference: {fileID: 0}
    - target: {fileID: 3379653173881419339, guid: 387da167916cc564282fb9b318727cfe,
        type: 3}
      propertyPath: m_LocalPosition.y
      value: 0.19250493
      objectReference: {fileID: 0}
    - target: {fileID: 3379653173881419339, guid: 387da167916cc564282fb9b318727cfe,
        type: 3}
      propertyPath: m_LocalPosition.z
      value: -0.0287693
      objectReference: {fileID: 0}
    - target: {fileID: 3379653173881419339, guid: 387da167916cc564282fb9b318727cfe,
        type: 3}
      propertyPath: m_LocalEulerAnglesHint.x
      value: 19.466002
      objectReference: {fileID: 0}
    - target: {fileID: 3379653173881419339, guid: 387da167916cc564282fb9b318727cfe,
        type: 3}
      propertyPath: m_LocalEulerAnglesHint.y
      value: 2.72
      objectReference: {fileID: 0}
    - target: {fileID: 3379653173881419339, guid: 387da167916cc564282fb9b318727cfe,
        type: 3}
      propertyPath: m_LocalEulerAnglesHint.z
      value: 3.118
      objectReference: {fileID: 0}
    - target: {fileID: 3941852508587053040, guid: 387da167916cc564282fb9b318727cfe,
        type: 3}
      propertyPath: m_IsActive
      value: 1
      objectReference: {fileID: 0}
    m_RemovedComponents: []
  m_SourcePrefab: {fileID: 100100000, guid: 387da167916cc564282fb9b318727cfe, type: 3}
--- !u!1 &1983006203
GameObject:
  m_ObjectHideFlags: 0
  m_CorrespondingSourceObject: {fileID: 0}
  m_PrefabInstance: {fileID: 0}
  m_PrefabAsset: {fileID: 0}
  serializedVersion: 6
  m_Component:
  - component: {fileID: 1983006204}
  - component: {fileID: 1983006206}
  - component: {fileID: 1983006205}
  m_Layer: 5
  m_Name: Text
  m_TagString: Untagged
  m_Icon: {fileID: 0}
  m_NavMeshLayer: 0
  m_StaticEditorFlags: 0
  m_IsActive: 1
--- !u!224 &1983006204
RectTransform:
  m_ObjectHideFlags: 0
  m_CorrespondingSourceObject: {fileID: 0}
  m_PrefabInstance: {fileID: 0}
  m_PrefabAsset: {fileID: 0}
  m_GameObject: {fileID: 1983006203}
  m_LocalRotation: {x: -0, y: -0, z: -0, w: 1}
  m_LocalPosition: {x: 0, y: 0, z: 0}
  m_LocalScale: {x: 1, y: 1, z: 1}
  m_Children: []
  m_Father: {fileID: 235257947}
  m_RootOrder: 0
  m_LocalEulerAnglesHint: {x: 0, y: 0, z: 0}
  m_AnchorMin: {x: 0, y: 0}
  m_AnchorMax: {x: 1, y: 1}
  m_AnchoredPosition: {x: 0, y: 0}
  m_SizeDelta: {x: 0, y: 0}
  m_Pivot: {x: 0.5, y: 0.5}
--- !u!114 &1983006205
MonoBehaviour:
  m_ObjectHideFlags: 0
  m_CorrespondingSourceObject: {fileID: 0}
  m_PrefabInstance: {fileID: 0}
  m_PrefabAsset: {fileID: 0}
  m_GameObject: {fileID: 1983006203}
  m_Enabled: 1
  m_EditorHideFlags: 0
  m_Script: {fileID: 11500000, guid: 5f7201a12d95ffc409449d95f23cf332, type: 3}
  m_Name: 
  m_EditorClassIdentifier: 
  m_Material: {fileID: 0}
  m_Color: {r: 1, g: 1, b: 1, a: 1}
  m_RaycastTarget: 1
  m_OnCullStateChanged:
    m_PersistentCalls:
      m_Calls: []
  m_FontData:
    m_Font: {fileID: 10102, guid: 0000000000000000e000000000000000, type: 0}
    m_FontSize: 14
    m_FontStyle: 0
    m_BestFit: 0
    m_MinSize: 10
    m_MaxSize: 40
    m_Alignment: 4
    m_AlignByGeometry: 0
    m_RichText: 1
    m_HorizontalOverflow: 0
    m_VerticalOverflow: 0
    m_LineSpacing: 1
  m_Text: Hablar
--- !u!222 &1983006206
CanvasRenderer:
  m_ObjectHideFlags: 0
  m_CorrespondingSourceObject: {fileID: 0}
  m_PrefabInstance: {fileID: 0}
  m_PrefabAsset: {fileID: 0}
  m_GameObject: {fileID: 1983006203}
  m_CullTransparentMesh: 0
--- !u!1 &2058068188
GameObject:
  m_ObjectHideFlags: 0
  m_CorrespondingSourceObject: {fileID: 0}
  m_PrefabInstance: {fileID: 0}
  m_PrefabAsset: {fileID: 0}
  serializedVersion: 6
  m_Component:
  - component: {fileID: 2058068190}
  - component: {fileID: 2058068189}
  m_Layer: 0
  m_Name: left-light
  m_TagString: Untagged
  m_Icon: {fileID: 0}
  m_NavMeshLayer: 0
  m_StaticEditorFlags: 0
  m_IsActive: 1
--- !u!108 &2058068189
Light:
  m_ObjectHideFlags: 0
  m_CorrespondingSourceObject: {fileID: 0}
  m_PrefabInstance: {fileID: 0}
  m_PrefabAsset: {fileID: 0}
  m_GameObject: {fileID: 2058068188}
  m_Enabled: 1
  serializedVersion: 9
  m_Type: 0
  m_Color: {r: 0.98039216, g: 0.8949217, b: 0.8, a: 1}
  m_Intensity: 6.2
  m_Range: 10
  m_SpotAngle: 56
  m_InnerSpotAngle: 1
  m_CookieSize: 10
  m_Shadows:
    m_Type: 2
    m_Resolution: -1
    m_CustomResolution: -1
    m_Strength: 1
    m_Bias: 0
    m_NormalBias: 0.4
    m_NearPlane: 0.2
    m_CullingMatrixOverride:
      e00: 1
      e01: 0
      e02: 0
      e03: 0
      e10: 0
      e11: 1
      e12: 0
      e13: 0
      e20: 0
      e21: 0
      e22: 1
      e23: 0
      e30: 0
      e31: 0
      e32: 0
      e33: 1
    m_UseCullingMatrixOverride: 0
  m_Cookie: {fileID: 0}
  m_DrawHalo: 0
  m_Flare: {fileID: 0}
  m_RenderMode: 0
  m_CullingMask:
    serializedVersion: 2
    m_Bits: 4294967295
  m_RenderingLayerMask: 1
  m_Lightmapping: 4
  m_LightShadowCasterMode: 0
  m_AreaSize: {x: 1, y: 1}
  m_BounceIntensity: 1
  m_ColorTemperature: 6570
  m_UseColorTemperature: 0
  m_BoundingSphereOverride: {x: 0, y: 0, z: 0, w: 0}
  m_UseBoundingSphereOverride: 0
  m_ShadowRadius: 0
  m_ShadowAngle: 0
--- !u!4 &2058068190
Transform:
  m_ObjectHideFlags: 0
  m_CorrespondingSourceObject: {fileID: 0}
  m_PrefabInstance: {fileID: 0}
  m_PrefabAsset: {fileID: 0}
  m_GameObject: {fileID: 2058068188}
  m_LocalRotation: {x: 0.17960523, y: 0.40183654, z: -0.010701653, w: 0.8978613}
  m_LocalPosition: {x: -0.51, y: 7.48, z: -17.02}
  m_LocalScale: {x: 1, y: 1, z: 1}
  m_Children: []
  m_Father: {fileID: 0}
  m_RootOrder: 6
  m_LocalEulerAnglesHint: {x: 160.663, y: 229.522, z: 187.62}
--- !u!1 &2133252199
GameObject:
  m_ObjectHideFlags: 0
  m_CorrespondingSourceObject: {fileID: 0}
  m_PrefabInstance: {fileID: 0}
  m_PrefabAsset: {fileID: 0}
  serializedVersion: 6
  m_Component:
  - component: {fileID: 2133252200}
  - component: {fileID: 2133252203}
  - component: {fileID: 2133252202}
  - component: {fileID: 2133252201}
  m_Layer: 5
  m_Name: UserInputField
  m_TagString: Untagged
  m_Icon: {fileID: 0}
  m_NavMeshLayer: 0
  m_StaticEditorFlags: 0
  m_IsActive: 1
--- !u!224 &2133252200
RectTransform:
  m_ObjectHideFlags: 0
  m_CorrespondingSourceObject: {fileID: 0}
  m_PrefabInstance: {fileID: 0}
  m_PrefabAsset: {fileID: 0}
  m_GameObject: {fileID: 2133252199}
  m_LocalRotation: {x: -0, y: -0, z: -0, w: 1}
  m_LocalPosition: {x: 0, y: 0, z: 0}
  m_LocalScale: {x: 1, y: 1, z: 1}
  m_Children:
  - {fileID: 884638916}
  - {fileID: 740023945}
  m_Father: {fileID: 2134884270}
  m_RootOrder: 1
  m_LocalEulerAnglesHint: {x: 0, y: 0, z: 0}
  m_AnchorMin: {x: 0.5, y: 0.5}
  m_AnchorMax: {x: 0.5, y: 0.5}
  m_AnchoredPosition: {x: -108, y: -106}
  m_SizeDelta: {x: 800, y: 30}
  m_Pivot: {x: 0.5, y: 0.5}
--- !u!114 &2133252201
MonoBehaviour:
  m_ObjectHideFlags: 0
  m_CorrespondingSourceObject: {fileID: 0}
  m_PrefabInstance: {fileID: 0}
  m_PrefabAsset: {fileID: 0}
  m_GameObject: {fileID: 2133252199}
  m_Enabled: 1
  m_EditorHideFlags: 0
  m_Script: {fileID: 11500000, guid: d199490a83bb2b844b9695cbf13b01ef, type: 3}
  m_Name: 
  m_EditorClassIdentifier: 
  m_Navigation:
    m_Mode: 3
    m_SelectOnUp: {fileID: 0}
    m_SelectOnDown: {fileID: 0}
    m_SelectOnLeft: {fileID: 0}
    m_SelectOnRight: {fileID: 0}
  m_Transition: 1
  m_Colors:
    m_NormalColor: {r: 1, g: 1, b: 1, a: 1}
    m_HighlightedColor: {r: 0.9607843, g: 0.9607843, b: 0.9607843, a: 1}
    m_PressedColor: {r: 0.78431374, g: 0.78431374, b: 0.78431374, a: 1}
    m_SelectedColor: {r: 0.9607843, g: 0.9607843, b: 0.9607843, a: 1}
    m_DisabledColor: {r: 0.78431374, g: 0.78431374, b: 0.78431374, a: 0.5019608}
    m_ColorMultiplier: 1
    m_FadeDuration: 0.1
  m_SpriteState:
    m_HighlightedSprite: {fileID: 0}
    m_PressedSprite: {fileID: 0}
    m_SelectedSprite: {fileID: 0}
    m_DisabledSprite: {fileID: 0}
  m_AnimationTriggers:
    m_NormalTrigger: Normal
    m_HighlightedTrigger: Highlighted
    m_PressedTrigger: Pressed
    m_SelectedTrigger: Selected
    m_DisabledTrigger: Disabled
  m_Interactable: 1
  m_TargetGraphic: {fileID: 2133252202}
  m_TextComponent: {fileID: 740023946}
  m_Placeholder: {fileID: 884638917}
  m_ContentType: 0
  m_InputType: 0
  m_AsteriskChar: 42
  m_KeyboardType: 0
  m_LineType: 0
  m_HideMobileInput: 0
  m_CharacterValidation: 0
  m_CharacterLimit: 0
  m_OnEndEdit:
    m_PersistentCalls:
      m_Calls:
      - m_Target: {fileID: 11500000, guid: 8fa94ea38449ff348953e70473f288ab, type: 3}
        m_MethodName: 
        m_Mode: 0
        m_Arguments:
          m_ObjectArgument: {fileID: 0}
          m_ObjectArgumentAssemblyTypeName: UnityEngine.Object, UnityEngine
          m_IntArgument: 0
          m_FloatArgument: 0
          m_StringArgument: 
          m_BoolArgument: 0
        m_CallState: 2
  m_OnValueChanged:
    m_PersistentCalls:
      m_Calls: []
  m_CaretColor: {r: 0.19607843, g: 0.19607843, b: 0.19607843, a: 1}
  m_CustomCaretColor: 0
  m_SelectionColor: {r: 0.65882355, g: 0.80784315, b: 1, a: 0.7529412}
  m_Text: 
  m_CaretBlinkRate: 0.85
  m_CaretWidth: 1
  m_ReadOnly: 0
--- !u!114 &2133252202
MonoBehaviour:
  m_ObjectHideFlags: 0
  m_CorrespondingSourceObject: {fileID: 0}
  m_PrefabInstance: {fileID: 0}
  m_PrefabAsset: {fileID: 0}
  m_GameObject: {fileID: 2133252199}
  m_Enabled: 1
  m_EditorHideFlags: 0
  m_Script: {fileID: 11500000, guid: fe87c0e1cc204ed48ad3b37840f39efc, type: 3}
  m_Name: 
  m_EditorClassIdentifier: 
  m_Material: {fileID: 0}
  m_Color: {r: 1, g: 1, b: 1, a: 1}
  m_RaycastTarget: 1
  m_OnCullStateChanged:
    m_PersistentCalls:
      m_Calls: []
  m_Sprite: {fileID: 10911, guid: 0000000000000000f000000000000000, type: 0}
  m_Type: 1
  m_PreserveAspect: 0
  m_FillCenter: 1
  m_FillMethod: 4
  m_FillAmount: 1
  m_FillClockwise: 1
  m_FillOrigin: 0
  m_UseSpriteMesh: 0
  m_PixelsPerUnitMultiplier: 1
--- !u!222 &2133252203
CanvasRenderer:
  m_ObjectHideFlags: 0
  m_CorrespondingSourceObject: {fileID: 0}
  m_PrefabInstance: {fileID: 0}
  m_PrefabAsset: {fileID: 0}
  m_GameObject: {fileID: 2133252199}
  m_CullTransparentMesh: 0
--- !u!1 &2134884269
GameObject:
  m_ObjectHideFlags: 0
  m_CorrespondingSourceObject: {fileID: 0}
  m_PrefabInstance: {fileID: 0}
  m_PrefabAsset: {fileID: 0}
  serializedVersion: 6
  m_Component:
  - component: {fileID: 2134884270}
  - component: {fileID: 2134884272}
  - component: {fileID: 2134884271}
  m_Layer: 5
  m_Name: backgound
  m_TagString: Untagged
  m_Icon: {fileID: 0}
  m_NavMeshLayer: 0
  m_StaticEditorFlags: 0
  m_IsActive: 1
--- !u!224 &2134884270
RectTransform:
  m_ObjectHideFlags: 0
  m_CorrespondingSourceObject: {fileID: 0}
  m_PrefabInstance: {fileID: 0}
  m_PrefabAsset: {fileID: 0}
  m_GameObject: {fileID: 2134884269}
  m_LocalRotation: {x: 0, y: 0, z: 0, w: 1}
  m_LocalPosition: {x: 0, y: 0, z: 0}
  m_LocalScale: {x: 1, y: 1, z: 1}
  m_Children:
  - {fileID: 1715357154}
  - {fileID: 2133252200}
  - {fileID: 76247445}
  - {fileID: 235257947}
  m_Father: {fileID: 1398063987}
  m_RootOrder: 0
  m_LocalEulerAnglesHint: {x: 0, y: 0, z: 0}
  m_AnchorMin: {x: 0.5, y: 0.5}
  m_AnchorMax: {x: 0.5, y: 0.5}
  m_AnchoredPosition: {x: 2.5, y: -162}
  m_SizeDelta: {x: 1100, y: 300}
  m_Pivot: {x: 0.5, y: 0.5}
--- !u!114 &2134884271
MonoBehaviour:
  m_ObjectHideFlags: 0
  m_CorrespondingSourceObject: {fileID: 0}
  m_PrefabInstance: {fileID: 0}
  m_PrefabAsset: {fileID: 0}
  m_GameObject: {fileID: 2134884269}
  m_Enabled: 1
  m_EditorHideFlags: 0
  m_Script: {fileID: 11500000, guid: fe87c0e1cc204ed48ad3b37840f39efc, type: 3}
  m_Name: 
  m_EditorClassIdentifier: 
  m_Material: {fileID: 0}
  m_Color: {r: 1, g: 1, b: 1, a: 0.392}
  m_RaycastTarget: 1
  m_OnCullStateChanged:
    m_PersistentCalls:
      m_Calls: []
  m_Sprite: {fileID: 10907, guid: 0000000000000000f000000000000000, type: 0}
  m_Type: 1
  m_PreserveAspect: 0
  m_FillCenter: 1
  m_FillMethod: 4
  m_FillAmount: 1
  m_FillClockwise: 1
  m_FillOrigin: 0
  m_UseSpriteMesh: 0
  m_PixelsPerUnitMultiplier: 1
--- !u!222 &2134884272
CanvasRenderer:
  m_ObjectHideFlags: 0
  m_CorrespondingSourceObject: {fileID: 0}
  m_PrefabInstance: {fileID: 0}
  m_PrefabAsset: {fileID: 0}
  m_GameObject: {fileID: 2134884269}
  m_CullTransparentMesh: 0
--- !u!1 &2135391629 stripped
GameObject:
  m_CorrespondingSourceObject: {fileID: -927199367670048503, guid: cf0b410b6ef7da24c9dcc52a2a65ebf8,
    type: 3}
  m_PrefabInstance: {fileID: 1108760621}
  m_PrefabAsset: {fileID: 0}
--- !u!114 &2135391634
MonoBehaviour:
  m_ObjectHideFlags: 0
  m_CorrespondingSourceObject: {fileID: 0}
  m_PrefabInstance: {fileID: 0}
  m_PrefabAsset: {fileID: 0}
  m_GameObject: {fileID: 2135391629}
  m_Enabled: 1
  m_EditorHideFlags: 0
  m_Script: {fileID: 1624661579, guid: 7a255d2e87aae364fbd819c455094253, type: 3}
  m_Name: 
  m_EditorClassIdentifier: 
  salsa3D: {fileID: 0}
  skinnedMeshRenderer: {fileID: 1160444689}
  prevSkinnedMeshRenderer: {fileID: 1160444689}
  getSkndMshRndr: 0
  blendShapes:
  - Genesis8Female__eCTRLvUW
  - Genesis8Female__eCTRLvEE
  - Genesis8Female__eCTRLvAA
  - Genesis8Female__eCTRLEyesClosedR
  - Genesis8Female__eCTRLEyesClosedL
  - Genesis8Female__eCTRLEyesClosed
  - head__eCTRLvUW
  - head__eCTRLvEE
  - head__eCTRLvAA
  - head__eCTRLEyesClosedR
  - head__eCTRLEyesClosedL
  - head__eCTRLEyesClosed
  lookUpIndex: 5
  lookDownIndex: 5
  lookLeftIndex: 5
  lookRightIndex: 5
  blinkIndex: 5
  lookRandPosition: {x: 0, y: 0, z: 0}
  lookAmount:
    lookUp: 0
    lookDown: 0
    lookLeft: 0
    lookRight: 0
    blink: 0
  randomEyes: 1
  maxRandomInterval: 3
  blendSpeed: 6
  rangeOfMotion: 100
  blinkDuration: 0.03
  blinkSpeed: 50
  openMax: 0
  closeMax: 100
  eyePosition: {fileID: 1457026312}
  eyePosVerify: {fileID: 1457026312}
  lookTarget: {fileID: 503891664}
  lookTargetTracking: {fileID: 0}
  targetAffinity: 1
  targetAffinityPercentage: 0.09
  invertTracking: 0
  trackBehind: 0
  randomBlink: 1
  maxBlinkInterval: 5
  broadcastNeeded: 0
  broadcastCS: 0
  broadcastCSReceiversCount: 0
  prevBroadcastCSReceiversCount: 0
  expandBroadcastCS: 0
  broadcastCSReceivers: []
  propagateToChildrenCS: 0
  selectedCustomShape: 0
  noneShapeIndex: 0
  excludeEyeShapes: 0
  dynamicCustomShapes: []
  customShapeCount: 0
  expandCustomShapes: 0
  customShapes: []
  randomCustomShapes: 1
  maxCustomShapeInterval: 3
  randomCSBlendSpeedMin: 0.75
  randomCSBlendSpeedMax: 2
  randomCSRangeOfMotionMin: 10
  randomCSRangeOfMotionMax: 40
  randomCSDurationMin: 0.25
  randomCSDurationMax: 2.5
  csNotRandomToggle: 0
  useCustomShapesOnly: 0
  showEyeShapes: 1
  showTracking: 1
  showEyeProps: 1
  showCustom: 1
  showBroadcast: 1
  showBroadcastCS: 1
  expandShapeGroups: 0
  groups: []
  shapeGroupCount: 0
--- !u!82 &2135391635
AudioSource:
  m_ObjectHideFlags: 0
  m_CorrespondingSourceObject: {fileID: 0}
  m_PrefabInstance: {fileID: 0}
  m_PrefabAsset: {fileID: 0}
  m_GameObject: {fileID: 2135391629}
  m_Enabled: 1
  serializedVersion: 4
  OutputAudioMixerGroup: {fileID: 0}
  m_audioClip: {fileID: 0}
  m_PlayOnAwake: 1
  m_Volume: 1
  m_Pitch: 1
  Loop: 0
  Mute: 0
  Spatialize: 0
  SpatializePostEffects: 0
  Priority: 128
  DopplerLevel: 1
  MinDistance: 1
  MaxDistance: 500
  Pan2D: 0
  rolloffMode: 0
  BypassEffects: 0
  BypassListenerEffects: 0
  BypassReverbZones: 0
  rolloffCustomCurve:
    serializedVersion: 2
    m_Curve:
    - serializedVersion: 3
      time: 0
      value: 1
      inSlope: 0
      outSlope: 0
      tangentMode: 0
      weightedMode: 0
      inWeight: 0.33333334
      outWeight: 0.33333334
    - serializedVersion: 3
      time: 1
      value: 0
      inSlope: 0
      outSlope: 0
      tangentMode: 0
      weightedMode: 0
      inWeight: 0.33333334
      outWeight: 0.33333334
    m_PreInfinity: 2
    m_PostInfinity: 2
    m_RotationOrder: 4
  panLevelCustomCurve:
    serializedVersion: 2
    m_Curve:
    - serializedVersion: 3
      time: 0
      value: 0
      inSlope: 0
      outSlope: 0
      tangentMode: 0
      weightedMode: 0
      inWeight: 0.33333334
      outWeight: 0.33333334
    m_PreInfinity: 2
    m_PostInfinity: 2
    m_RotationOrder: 4
  spreadCustomCurve:
    serializedVersion: 2
    m_Curve:
    - serializedVersion: 3
      time: 0
      value: 0
      inSlope: 0
      outSlope: 0
      tangentMode: 0
      weightedMode: 0
      inWeight: 0.33333334
      outWeight: 0.33333334
    m_PreInfinity: 2
    m_PostInfinity: 2
    m_RotationOrder: 4
  reverbZoneMixCustomCurve:
    serializedVersion: 2
    m_Curve:
    - serializedVersion: 3
      time: 0
      value: 1
      inSlope: 0
      outSlope: 0
      tangentMode: 0
      weightedMode: 0
      inWeight: 0.33333334
      outWeight: 0.33333334
    m_PreInfinity: 2
    m_PostInfinity: 2
    m_RotationOrder: 4
--- !u!114 &2135391636
MonoBehaviour:
  m_ObjectHideFlags: 0
  m_CorrespondingSourceObject: {fileID: 0}
  m_PrefabInstance: {fileID: 0}
  m_PrefabAsset: {fileID: 0}
  m_GameObject: {fileID: 2135391629}
  m_Enabled: 1
  m_EditorHideFlags: 0
  m_Script: {fileID: 1976067524, guid: 7a255d2e87aae364fbd819c455094253, type: 3}
  m_Name: 
  m_EditorClassIdentifier: 
  skinnedMeshRenderer: {fileID: 1160444689}
  prevSkinnedMeshRenderer: {fileID: 1160444689}
  getSkndMshRndr: 0
  audioSrc: {fileID: 2135391635}
  audioClip: {fileID: 0}
  blendShapes:
  - Genesis8Female__eCTRLvUW
  - Genesis8Female__eCTRLvEE
  - Genesis8Female__eCTRLvAA
  - Genesis8Female__eCTRLEyesClosedR
  - Genesis8Female__eCTRLEyesClosedL
  - Genesis8Female__eCTRLEyesClosed
  - head__eCTRLvUW
  - head__eCTRLvEE
  - head__eCTRLvAA
  - head__eCTRLEyesClosedR
  - head__eCTRLEyesClosedL
  - head__eCTRLEyesClosed
  saySmallIndex: 6
  sayMediumIndex: 7
  sayLargeIndex: 8
  saySmallTrigger: 0.0005
  sayMediumTrigger: 0.001
  sayLargeTrigger: 0.0012
  audioUpdateDelay: 0.02
  blendSpeed: 10
  rangeOfMotion: 100
  isTalking: 0
  prevIsTalking: 0
  lockShapes: 0
  broadcast: 0
  broadcastReceiversCount: 0
  expandBroadcast: 0
  broadcastReceivers: []
  propagateToChildren: 0
  average: 0
  say: 
  sayIndex: 0
  sayAmount:
    saySmall: 0
    sayMedium: 0
    sayLarge: 0
  prevAudioUpdateDelay: 0
